2141 2777
1106 86 1127 117 ti

340 195 503 231 Cochlca
538 195 826 230 membranacea
861 195 889 228 si
925 195 1008 229 loco
1045 207 1112 229 suo
1155 193 1309 237 tollitur,
1351 192 1387 227 id
1425 192 1524 239 quod
1553 193 1660 229 facile
1688 195 1769 229 fieri
1797 203 1932 243 potest,
1973 198 2074 232 varie

172 269 324 295 curvata
365 260 524 295 videtur.
581 259 726 294 Etenim
769 265 916 305 practer
957 258 1050 293 duas
1092 264 1323 299 curvaturas,
1366 269 1459 304 quae
1492 257 1669 293 cochleae
1708 272 1837 294 osseae
1867 263 2076 297 curvaturis

172 324 411 371 respondent,
440 325 628 359 invenitur
656 324 767 370 spira,
802 323 907 370 cujus
944 323 1101 357 alterum
1139 322 1332 356 dimidium
1363 334 1384 356 a
1412 321 1545 356 dextra
1571 321 1608 356 in
1643 323 1832 359 sinistrum
1863 338 2012 361 versum
2036 326 2073 360 in

171 389 320 423 sinistro
363 389 537 423 cochleae
580 388 707 429 latere,
749 388 906 422 alterum
945 400 966 421 a
1001 387 1151 422 sinistra
1194 386 1239 421 ad
1282 385 1454 421 dextram
1492 386 1528 421 in
1564 386 1698 422 dextro
1734 388 1849 423 latere
1878 391 2072 437 reperitur.

170 453 333 489 Cochlea
362 453 659 496 membranacea,
703 451 803 499 quod
832 464 900 486 nos
935 464 1082 498 quoque
1119 457 1326 493 tenemium,
1369 450 1547 486 dividitur
1581 452 1616 486 in
1654 453 1846 487 cochleam
1884 455 2072 501 propriam

170 526 205 553 et
242 519 431 564 lagenam,
474 524 615 564 partem
658 516 928 563 ampullaceam
971 516 1170 562 paulloque
1214 516 1447 550 crassiorem.
1530 516 1694 552 Cochlea
1743 519 1893 565 propria
1934 519 2071 565 ubique

171 582 326 617 eandem
358 583 616 617 extensionem
647 581 812 629 praebet.
880 580 989 615 Initio
1019 586 1219 615 curvatura
1249 581 1284 615 in
1315 592 1448 615 cavum
1478 581 1591 615 cranii
1622 594 1731 616 versa
1759 583 1921 617 maxime
1951 584 2071 630 expri-

171 647 293 689 mitur,
336 655 369 682 et
407 660 491 694 pars
527 658 697 680 convexa
734 645 780 679 ad
812 645 983 680 foramen
1020 643 1249 680 vertibulare
1285 651 1438 692 spectat.
1494 644 1578 692 Ipsa
1616 645 1809 681 oculorum
1839 647 2070 693 inspectione

168 712 420 758 cognoscitur,
458 711 493 746 id
530 710 628 757 quod
656 710 881 745 vetustiores
916 710 1117 756 scriptores
1147 718 1187 745 ut
1218 709 1527 744 Windisclimann
1558 709 1848 757 descripserunt,
1878 711 2069 746 cochleam

167 776 493 811 membranaceam
523 776 675 810 omnino
706 782 879 810 constare
909 787 955 809 ex
983 775 1102 809 tribus
1137 775 1318 822 partibus,
1361 787 1455 821 quae
1493 781 1577 809 sunt
1626 775 1862 823 cartilagines
1899 783 1933 811 et
1968 783 2071 823 tegu-

167 847 333 875 mentum
370 841 607 875 vasculorum
652 841 704 875 eis
746 839 1024 887 superpositum
1062 846 1097 874 et
1138 839 1360 874 membrana
1400 839 1580 883 basilaris,
1622 852 1715 886 quae
1752 840 1968 875 interstrata
2005 847 2070 875 est.

167 905 415 953 'segmentum
446 905 481 940 in
508 912 611 952 parte
641 904 858 940 vestibulari
895 911 1001 939 extra
1028 905 1197 948 vertitur,
1239 903 1460 938 membrana
1502 903 1673 938 basilaris
1702 903 1747 938 ad
1777 917 1907 939 cavum
1938 905 2069 945 cranii3

167 983 261 1017 quae
303 970 430 1017 positis
472 970 507 1004 in
552 977 655 1016 parte
698 968 885 1003 cochleari
931 981 1013 1003 cum
1057 968 1210 1003 dimidia
1245 968 1414 1004 torsione
1449 968 1574 1015 spirali
1611 974 1775 1003 mutetur
1810 981 1965 1003 neccsse
2003 977 2070 1004 est.

167 1034 413 1082 Cartilagines
454 1034 629 1068 cochleae
671 1034 880 1068 curvaturis
923 1032 1127 1069 adhaerent
1166 1039 1202 1068 et
1237 1045 1322 1067 cum
1358 1033 1493 1067 bacillo
1531 1045 1643 1079 supra
1669 1032 1781 1076 dicto,
1813 1033 1870 1068 cui
1898 1033 1934 1068 in
1964 1041 2068 1080 parte

166 1099 382 1134 vestibulari
412 1110 507 1145 apex
542 1098 743 1145 superioris
780 1097 974 1145 adpositus
1010 1104 1077 1140 est,
1114 1110 1178 1143 per
1214 1098 1442 1144 periosteum
1472 1098 1762 1145 conjunguntur,
1800 1104 1965 1133 attamen
1993 1110 2070 1133 non

167 1170 278 1207 aiv-te,
308 1163 372 1198 sed
405 1163 512 1197 tar-ilc
542 1163 797 1209 sejunguntur.
863 1162 900 1196 In
937 1169 1042 1209 parte
1072 1161 1257 1196 cochleari
1287 1169 1519 1209 tegmentum
1549 1175 1695 1210 quoque
1726 1162 1821 1197 ossis
1849 1162 1982 1209 parieti
2011 1162 2071 1196 ad-

167 1228 294 1263 haeret
332 1228 393 1271 ita,
436 1236 472 1262 ut
510 1228 607 1262 scala
644 1227 820 1262 vestibuli
858 1240 902 1261 eo
938 1227 1022 1261 loco
1060 1227 1123 1261 vix
1153 1226 1355 1261 statuenda
1382 1227 1438 1261 sit.
1506 1226 1608 1262 Haec
1637 1227 1672 1261 in
1704 1226 1889 1261 vestibulo
1919 1225 2069 1261 demum

165 1293 363 1332 invenitur,
405 1292 509 1339 cujus
545 1298 663 1326 totum
695 1292 855 1338 spatium
892 1291 995 1338 quasi
1033 1291 1170 1326 scalam
1208 1291 1346 1325 habere
1386 1304 1595 1338 possumus.
1650 1290 1757 1325 Scala
1796 1291 1965 1338 tympani
1993 1303 2067 1325 non

166 1358 282 1400 deest,
323 1357 393 1392 nisi
434 1356 520 1391 inde
562 1356 607 1390 ab
650 1356 755 1390 initio
797 1356 964 1403 lagenae,
1007 1355 1103 1390 inter
1148 1368 1257 1403 quam
1297 1355 1564 1401 cochleamque
1602 1367 1749 1390 osseam
1774 1355 1838 1389 vix
1868 1354 2069 1401 quidquam

166 1422 272 1468 spatii
312 1427 436 1455 restat.
500 1419 564 1454 Est
602 1420 680 1454 aliis
715 1420 806 1453 locis
842 1420 948 1453 aliter
982 1419 1144 1453 formata
1179 1431 1375 1465 nervoque
1413 1425 1566 1460 mutata,
1604 1419 1664 1464 qui
1701 1419 1917 1452 interiorem
1954 1418 2069 1452 cranii

165 1487 343 1534 parietem
366 1498 412 1520 ex
434 1484 583 1531 obliquo
616 1484 809 1530 perforans
839 1496 954 1530 prope
984 1483 1129 1518 initium
1161 1483 1337 1517 cochleae
1366 1489 1560 1529 tamquam
1590 1482 1777 1516 funiculus
1803 1481 1892 1516 satis
1921 1493 2069 1516 crassus

164 1552 258 1586 infra
288 1550 500 1584 inferiorem
532 1548 790 1594 cartilaginum
827 1547 989 1594 ponitur,
1020 1547 1286 1594 paullatimque
1320 1548 1468 1582 tenuior
1504 1546 1623 1581 factus
1652 1547 1687 1581 in
1717 1546 1889 1593 lagenam
1920 1558 2068 1580 sursum

163 1615 342 1663 procedit,
387 1614 510 1659 ibique
550 1612 617 1646 sub
661 1611 878 1646 membrana
920 1611 1069 1646 basilari
1114 1613 1149 1646 in
1193 1611 1317 1646 medio
1352 1611 1528 1646 cochleae
1571 1611 1881 1645 membranaceae
1922 1610 2066 1656 positus

163 1680 299 1715 scalam
329 1678 497 1726 tympani
528 1677 700 1724 complet,
743 1689 836 1722 quae
874 1676 977 1710 initio
1014 1688 1131 1723 parvo
1169 1678 1290 1723 spatio
1326 1676 1519 1723 irregulari
1558 1675 1652 1710 inter
1687 1688 1844 1710 nervum
1881 1681 1917 1709 et
1952 1687 2066 1708 niem-

163 1745 317 1779 branam
358 1743 556 1777 basilarem
599 1741 670 1775 sito
714 1741 936 1775 continetur.
1003 1741 1055 1775 At
1083 1740 1128 1775 ‹le
1159 1753 1276 1775 nervo
1315 1753 1404 1774 mox
1441 1741 1546 1787 plura
1574 1739 1733 1774 dicenda
1774 1746 1892 1774 erunt.
1965 1737 2066 1773 Inter

161 1814 405 1855 tegmentum,
442 1805 539 1852 quod
574 1813 829 1840 transversum
867 1805 1036 1839 striatum
1074 1818 1157 1840 esse
1196 1805 1287 1852 ipsis
1316 1805 1434 1839 oculis
1463 1805 1714 1851 cognoscitur,
1743 1810 1780 1838 et
1807 1803 2063 1837 membranam

161 1873 359 1908 basilarem
388 1871 576 1904 invenitur
606 1870 778 1916 startiam,
808 1870 906 1903 scala
935 1869 1057 1904 media
1078 1870 1136 1904 vel
1158 1859 1297 1905 canalis
1318 1869 1536 1911 cochlearis,
1566 1868 1665 1915 quod
1686 1874 1889 1915 tegmento,
1919 1867 2064 1902 duabus

161 1936 451 1983 cartilaginibus,
487 1934 706 1968 membrana
735 1934 884 1969 basssari
913 1934 1096 1968 retinetur
1123 1934 1159 1968 in
1189 1933 1344 1969 cochlea
1371 1933 1537 1980 propria,
1580 1933 1616 1966 in
1646 1933 1789 1978 lagena,
1826 1931 1886 1965 ubi
1916 1931 2063 1971 desinit,

159 2002 295 2048 ubique
338 1999 553 2046 cartilagine
595 1998 824 2033 circumdata
866 2005 931 2035 est,
986 1997 1059 2033 Sed
1094 1998 1187 2033 haec
1226 1998 1416 2032 hactenus.
1473 1995 1620 2032 Canalis
1649 2008 1731 2031 cum
1762 1995 1948 2029 vestibulo
1978 2007 2062 2029 con-

154 2065 324 2113 jungitur
352 2076 414 2111 per
442 2064 610 2097 foramen
640 2062 854 2105 rotundum,
896 2062 1006 2109 quod,
1048 2075 1131 2097 cum
1167 2062 1405 2109 cartilagines
1438 2061 1542 2101 initio
1578 2067 1771 2106 tegmento
1800 2072 1875 2094 non
1905 2059 2061 2094 vestitae

161 2136 297 2172 essent,
335 2129 472 2162 factum
503 2134 558 2162 cst
590 2136 624 2162 et
654 2135 828 2174 apertura
856 2126 995 2162 canalis
1024 2127 1230 2161 cochlearis
1259 2127 1492 2170 nominetur3
1535 2125 1642 2159 situm
1675 2129 1729 2158 est
1759 2123 1838 2170 pari
1866 2122 2060 2158 altitudine

160 2193 332 2228 toramini
364 2192 578 2227 vestibulari
622 2199 656 2226 et
700 2192 857 2226 vertitur
898 2191 943 2225 ad
986 2192 1153 2225 foramen
1199 2191 1317 2225 ovale.
1372 2188 1514 2225 Omnes
1544 2189 1612 2223 hae
1645 2194 1769 2235 partes
1800 2187 2059 2234 cartilagineae

159 2257 316 2304 figuram
345 2257 508 2291 efficiunt
540 2256 712 2303 crepidae
742 2256 912 2297 similem,
942 2268 1051 2301 quam
1081 2268 1151 2289 nos
1180 2254 1337 2288 dicimus
1366 2253 1563 2287 Pantoffel.

330 2320 618 2368 Cartilaginibus
647 2320 758 2366 igitur
786 2320 890 2353 initio
921 2319 1095 2353 cochleae
1126 2318 1343 2365 simpliciter
1377 2317 1610 2359 coeuntibus,
1648 2315 1693 2350 ad
1728 2316 1898 2361 lagenam
1927 2326 2059 2349 versus

160 2399 234 2421 non
266 2385 377 2420 modo
408 2385 583 2420 deorsum
614 2384 832 2430 conjunctis,
875 2383 940 2417 sed
979 2384 1088 2417 etiam
1128 2395 1273 2417 sursum
1313 2382 1473 2416 arcuatis
1509 2381 1641 2427 lagena
1675 2379 1811 2426 ubique
1841 2379 2057 2425 cartilagine

162 2458 323 2492 vonstatq
352 2450 387 2484 in
419 2462 488 2496 qua
519 2461 656 2483 nervus
683 2448 805 2482 statim
835 2447 941 2481 initio
971 2447 1005 2481 in
1036 2447 1161 2493 plures
1187 2458 1312 2481 ramos
1341 2445 1520 2480 dividitur
1541 2445 1631 2479 etin
1654 2443 1852 2478 fasciculos
1880 2442 2056 2477 radiatur.

161 2514 280 2557 Adde,
331 2513 428 2560 quod
478 2514 582 2548 initio
634 2512 829 2555 cochleae,
872 2511 932 2546 ubi
975 2517 1206 2557 tegmentum
1251 2510 1456 2557 cartilagini
1500 2508 1662 2543 inferiori
1707 2507 1893 2549 inseritur,
1934 2507 2056 2541 tenuis

160 2578 338 2625 teqmenti
380 2578 577 2612 fasciculus
617 2589 683 2623 per
718 2578 886 2610 foramen
923 2575 1150 2610 vestibulare
1178 2584 1434 2621 transgressus
1464 2574 1508 2607 ad
1539 2585 1690 2607 arcuum
1723 2571 1922 2618 ampullam
1952 2582 2055 2617 prae-

155 2643 341 2687 jaentem
383 2641 593 2688 adponitur,
636 2641 827 2675 cochleam
867 2647 990 2674 autem
1031 2652 1112 2673 cum
1151 2639 1315 2685 ampulla¹
1353 2638 1590 2684 conjunctam
1630 2649 1711 2671 esse
1741 2636 1956 2682 saepissime
1985 2634 2055 2669 nisi
