2141 2777
1005 67 1051 100 11

79 176 252 211 dentibus
292 175 517 221 cartilaginis
559 187 760 209 nervorum
800 173 972 209 diversae
1014 188 1090 210 non
1133 175 1318 220 videntur,
1359 175 1405 210 ad
1444 176 1688 211 insertionem
1731 178 1970 212 membranae

80 240 249 275 basilaris
280 251 410 274 versae
446 238 665 273 humiliores
698 238 803 273 fiunt.
857 237 1032 282 Cellulas,
1074 251 1165 285 quas
1202 237 1349 273 Deiters
1391 239 1487 274 infra
1528 239 1659 274 dentes
1694 241 1728 275 in
1758 241 1973 287 cartilagine

80 315 279 339 nervorum
308 302 520 345 delineavit,
550 303 711 349 reperire
740 314 815 337 non
845 301 951 348 potui
978 307 1087 349 atque
1116 302 1296 349 suspicor,
1326 303 1357 337 ei
1379 303 1561 349 imprimis
1583 315 1742 350 superne
1764 305 1971 351 inspicienti

79 368 191 402 falsas
220 366 370 401 cellulas
399 378 565 413 magnas,
593 366 773 401 rotundas
802 366 1029 413 apparuisse.

249 451 368 499 Supra
396 458 539 498 partem
568 452 808 486 membranae
846 451 1028 495 basilaris,
1064 463 1158 497 quae
1195 451 1337 486 cellulis
1367 452 1594 498 cartilaginis
1622 452 1829 499 triangulae
1858 454 1970 489 modo

79 516 187 551 dictis
222 528 297 550 non
335 515 504 559 vestitur,
549 522 584 549 et
625 523 849 562 aperturam,
891 527 961 561 qua
999 527 1138 549 nervus
1176 514 1431 561 cartilaginem
1474 517 1650 562 perforat,
1693 529 1810 563 neque
1847 524 1971 553 tamen

79 587 181 615 trans
210 592 290 614 eam
320 580 355 613 in
386 579 600 626 cartilagine
631 579 811 625 quadrata
835 578 946 613 sitmn
977 586 1033 613 est
1060 591 1201 613 novum
1231 578 1446 613 cellularum
1475 591 1604 623 genus,
1638 580 1791 614 cellulae
1818 580 1972 629 Leydig-

80 657 189 679 enses
217 643 275 678 vel
304 656 375 690 quo
406 655 475 690 ego
501 642 652 677 nomine
682 643 733 677 uti
762 643 886 676 malim
917 642 1073 676 cellulae
1103 642 1326 686 bacillariae,
1356 655 1446 688 quas
1475 643 1627 677 maximi
1657 644 1765 678 nobis
1794 646 1973 680 momenti

80 721 174 752 esse,
203 707 463 754 intelligemus.
502 706 723 753 Incipientcs
744 719 856 756 supra
875 712 1086 753 aperturam
1116 706 1215 740 illam
1246 706 1529 752 protuberantia
1558 707 1808 753 papiHiformi,
1836 710 1973 755 papilla

81 771 217 818 spirali,
255 784 275 805 a
303 769 477 806 dentibus
507 771 610 805 sulco
640 771 765 817 spirali
795 779 1015 817 separantur
1041 776 1077 804 et
1106 769 1151 804 ad
1181 769 1436 804 membranam
1466 770 1664 805 basil-arem
1695 772 1812 819 magis
1842 773 1971 819 magis-

81 848 150 882 que
180 834 400 869 aecedentes
430 847 545 881 usque
582 833 628 868 ad
657 834 864 880 triangulae
901 834 1128 879 cartilaginis
1157 833 1309 868 cellulas
1341 834 1639 880 progrediuntur.
1694 836 1725 869 A
1756 837 1970 871 membrana

80 899 229 933 basilari
266 899 367 933 tenui
403 899 557 933 reticulo
596 908 826 944 separantur,
856 897 901 932 dc
938 911 1008 944 quo
1039 904 1180 945 postea,
1210 897 1273 931 ubi
1302 897 1347 931 de
1376 898 1513 933 finibus
1543 911 1744 934 nervorum
1775 899 1971 935 dicendum

82 963 161 1005 erit,
196 963 446 997 absolvemus.
501 962 675 1009 Singulae
712 963 866 997 cellulae
901 961 1113 997 bacillariae
1150 968 1236 996 sunt
1269 962 1346 1008 pari
1385 962 1591 1007 altitudine,
1628 963 1824 1010 oblongae,
1854 965 1970 999 forma

82 1035 203 1069 ovata,
233 1039 279 1061 ex
307 1027 499 1073 superiore
529 1034 564 1060 ct
594 1026 767 1060 inferiore
793 1035 897 1073 parte
927 1031 1112 1060 teuuatae.
1154 1026 1283 1060 Altera
1311 1038 1396 1072 pars
1425 1026 1462 1060 in
1492 1027 1747 1061 membranam
1777 1028 1972 1063 basilarcm

81 1103 190 1125 versa
230 1090 419 1137 paullatim
457 1090 494 1124 in
523 1090 624 1124 filum
664 1096 786 1133 tenue,
829 1089 1020 1137 hyalinum
1063 1089 1234 1124 desinere
1276 1090 1382 1134 solet,
1424 1090 1540 1125 altera
1574 1091 1609 1125 in
1647 1091 1785 1125 scalam
1814 1092 1973 1127 mediam

81 1167 190 1189 versa
230 1154 435 1200 marginem
477 1153 748 1189 condensatum
791 1154 953 1200 praebet,
995 1154 1055 1201 qui
1104 1154 1141 1188 in
1185 1154 1329 1201 spinam
1380 1154 1545 1199 brevem,
1596 1168 1759 1190 crassam
1801 1163 1974 1192 tenuatus

82 1212 243 1253 desinit]
281 1216 461 1253 Nucleum
504 1218 740 1264 perspicuum
784 1232 859 1252 non
902 1217 1074 1253 vidimus.
1130 1218 1275 1265 Corpus
1311 1218 1465 1253 cellulae
1503 1219 1537 1253 in
1575 1219 1761 1254 solutione
1800 1221 1973 1254 coccinea

83 1282 235 1329 pulchre
275 1283 473 1326 coloratur,
516 1288 639 1328 partes
683 1288 862 1316 externae
905 1282 1070 1316 colorem
1112 1296 1187 1317 non
1229 1283 1373 1317 bibunt.
1429 1282 1523 1317 Sunt
1552 1283 1660 1318 valde
1694 1283 1828 1328 fluxae,
1871 1284 1973 1330 spina

83 1346 297 1381 difficillime
327 1347 526 1390 evanescit,
568 1347 665 1381 linea
698 1347 977 1393 circumscripta
1005 1347 1130 1381 multis
1165 1347 1291 1393 granis
1320 1346 1474 1381 deletur.
1529 1345 1631 1388 Quae
1661 1347 1779 1394 prima
1806 1348 1842 1382 in
1871 1348 1975 1383 initio

84 1410 258 1444 cochleae
296 1410 512 1444 cellularum
554 1410 827 1444 bacillariarum
871 1410 1036 1444 conditio
1078 1411 1134 1453 sit,
1177 1423 1243 1456 pro
1287 1416 1388 1444 certo
1431 1410 1617 1444 affirmare
1654 1423 1729 1444 non
1765 1423 1975 1457 possumus.

84 1472 351 1507 Existimamus
380 1479 503 1508 autem
533 1473 685 1508 cellulas
705 1480 808 1508 trans
830 1473 977 1507 initium
999 1474 1240 1508 membranae
1260 1473 1431 1507 basilaris
1452 1473 1487 1507 in
1509 1473 1695 1508 inferioris
1719 1475 1975 1522 cartilaginum

84 1537 365 1584 conjunctarum
394 1537 520 1572 lateris
548 1536 703 1572 fundum
735 1537 949 1584 procedere.
1005 1537 1129 1584 Usque
1165 1537 1211 1572 ad
1239 1538 1411 1584 lagenam
1441 1550 1620 1573 numerus
1649 1534 1837 1585 paullatim
1868 1552 1975 1585 auge-

83 1608 153 1645 tur,
183 1600 247 1636 sed
277 1601 451 1647 quoniam
482 1614 546 1648 per
575 1601 725 1636 ordines
755 1601 957 1648 dispositae
985 1614 1061 1636 non
1092 1608 1177 1637 sunt
1206 1601 1414 1648 computari
1443 1602 1582 1648 nequit.

254 1700 342 1735 Inde
372 1713 393 1734 a
421 1700 595 1736 dentibus
629 1708 732 1736 trans
767 1701 834 1736 has
871 1702 1024 1736 cellulas
1052 1701 1261 1736 bacilla-rias
1290 1714 1310 1735 a
1340 1702 1479 1748 papilla
1515 1701 1559 1736 ad
1590 1702 1741 1737 cellulas
1770 1702 1976 1748 triangulae

85 1765 311 1812 cartilaginis
352 1777 472 1811 neque
517 1772 643 1800 tamen
684 1765 721 1799 in
765 1778 827 1800 eas
869 1765 1090 1800 membrana
1130 1765 1232 1800 Corti
1274 1765 1333 1800 vel
1374 1766 1514 1800 lamina
1555 1766 1758 1801 fenestrata
1784 1766 1976 1814 {procedit

84 1829 220 1876 Spinae
251 1829 466 1863 cellularum
496 1829 768 1863 bacillariarum
797 1829 833 1863 in
863 1829 973 1875 hujus
1001 1829 1242 1864 membranae
1263 1829 1416 1864 lacunas
1438 1830 1642 1874 imminent,
1668 1843 1762 1877 quae
1784 1837 1837 1865 est
1859 1843 1976 1866 secre-

85 1900 181 1928 trum
222 1893 400 1937 dentium,
442 1892 488 1927 ad
530 1893 704 1939 papillam
745 1893 920 1940 spiralem
961 1894 1238 1940 pertinentium,
1279 1906 1457 1937 erassum,
1488 1894 1578 1928 satis
1621 1906 1809 1939 magnum,
1853 1895 1977 1941 paullo

86 1957 278 1992 variatum.
324 1957 383 1991 Ab
412 1957 517 1991 initio
547 1958 644 1991 enim
673 1964 857 1992 tenuatur.
913 1956 1108 2001 Dentibus,
1138 1970 1231 2003 quae
1261 1957 1308 1992 ad
1336 1958 1505 1992 canalem
1534 1957 1768 1993 cochlearem
1798 1963 1978 2005 spectant,

87 2021 260 2067 adjacens
294 2020 391 2066 apud
426 2021 603 2067 plurimas
640 2033 728 2056 aves
764 2021 871 2055 facile
905 2021 985 2055 tolli
1020 2027 1161 2068 potest3
1204 2021 1373 2068 procedit
1405 2022 1442 2056 in
1481 2022 1624 2057 sulcum
1654 2022 1838 2068 spiralem‚
1869 2034 1981 2068 supra

85 2085 259 2131 papillam
300 2085 474 2131 spir-alem
517 2091 553 2120 et
595 2085 748 2120 cellulas
789 2085 1014 2120 bacillarias.
1069 2084 1229 2120 Videtur
1259 2085 1295 2120 in
1333 2085 1405 2120 situ
1442 2097 1601 2131 superne
1637 2085 1746 2129 clara,
1784 2085 1980 2132 pellucida,

86 2149 251 2183 sectione
279 2154 495 2184 transversa
523 2149 558 2183 in
590 2149 818 2196 praepara-tis
843 2149 1059 2184 alcoholieis
1087 2155 1219 2184 tenues
1247 2149 1359 2184 striae
1389 2148 1649 2193 ostenduntur,
1679 2161 1771 2196 quae
1800 2155 1922 2184 utrum
1943 2149 1979 2184 in

85 2212 298 2247 viventibus
339 2212 578 2247 inveniantur
618 2225 735 2248 necne
783 2213 818 2247 in
858 2213 982 2247 medio
1026 2213 1288 2260 relinquamus.
1351 2212 1454 2248 Sicut
1495 2213 1708 2248 baeillariae
1750 2213 1902 2248 cellulae
1945 2219 1982 2248 et

87 2276 325 2311 membranae
356 2276 524 2311 basilaris
554 2277 658 2312 initio
689 2284 847 2324 angusta
876 2284 912 2312 et
938 2277 1130 2324 paullatim
1159 2277 1269 2312 latior
1296 2278 1395 2312 facta
1424 2278 1461 2313 in
1489 2278 1623 2325 lagena
1650 2289 1716 2324 per
1745 2284 1981 2312 curvaturam

85 2340 121 2374 in
152 2339 307 2374 fundum
337 2352 481 2375 versam
511 2340 648 2374 finitur.
703 2339 832 2388 Margo
874 2340 1051 2376 dentibus
1091 2341 1285 2388 adpositus
1327 2348 1383 2376 est
1423 2342 1545 2376 forma
1586 2341 1749 2385 dentata,
1791 2340 1980 2376 undulata.

86 2402 240 2438 Sublata
276 2404 493 2439 membrana
526 2404 669 2439 reticuli
699 2405 863 2451 speciem
897 2404 1063 2451 praebet,
1106 2404 1207 2452 quod
1247 2405 1389 2440 cellulis
1428 2405 1671 2440 bacillaribus
1700 2405 1981 2440 imminentibus

87 2467 256 2502 efficitur.
311 2467 541 2515 Quamquam
571 2468 761 2502 clastieam
790 2481 865 2503 non
895 2476 951 2503 est
980 2475 1026 2511 et,
1055 2469 1086 2503 si
1113 2468 1319 2513 induratur,
1347 2469 1455 2503 facile
1485 2468 1678 2515 frangitur,
1703 2469 1738 2502 in
1768 2469 1982 2504 viventibus

87 2543 168 2566 esse
197 2531 344 2565 mollior
372 2538 408 2565 et
433 2531 577 2566 firmior
605 2531 761 2566 videtur.
816 2531 908 2567 Cum
938 2533 1155 2580 cartilagine
1183 2533 1370 2580 triangula
1398 2538 1462 2568 aut
1497 2533 1575 2579 ejus
1603 2532 1744 2567 cellulis
1764 2532 1984 2568 membrana

87 2606 162 2629 non
192 2595 392 2641 conjuncta
420 2602 485 2630 est.

1733 2662 1770 2692 2*
