2141 2777
1088 100 1129 132 M

152 222 223 258 quo
258 209 409 243 nomine
445 209 597 245 cellulas
633 209 727 253 illas,
769 210 903 256 quibus
939 209 1093 244 cellulae
1131 209 1342 244 bacillariae
1372 210 1565 256 inspersae
1594 217 1691 255 sunt,
1732 211 1928 258 appellavi,
1970 213 2054 259 quia

152 274 284 308 eodem
313 273 438 317 modo,
468 286 540 319 quo
570 273 726 308 cellulae
747 273 783 308 in
812 273 930 308 fundo
961 273 1052 308 sitae
1084 279 1272 308 secretum
1302 274 1470 308 efficiunt
1489 280 1525 308 et
1544 275 1703 309 sormam
1732 275 1883 310 nonnisi
1912 276 2056 311 cellulis

152 336 349 372 bacillariis
377 338 555 384 inspersis
584 344 836 381 mutaverunt,
878 337 1021 372 cellulis
1066 337 1304 384 capillaribus
1354 337 1597 383 respondent.
1651 337 1693 373 In
1722 339 1877 374 cochlea
1905 340 2058 387 propria

150 411 252 436 trans
282 402 457 448 papillam
487 402 661 448 spiralem
690 401 792 436 solae
819 401 1035 436 bacillariae
1066 402 1318 436 inveniuntur.

321 465 441 510 Adde,
477 465 576 512 quod
607 471 642 500 et
670 466 707 500 in
736 465 869 500 avibus
899 465 968 500 sub
998 465 1218 500 membrana
1256 465 1406 500 basilari
1434 467 1539 500 strati
1567 465 1785 500 cellularum
1814 467 1992 513 reliquiae
2021 474 2058 502 et

151 530 188 564 in
229 530 490 564 mammalibus
532 530 666 565 similia
707 529 956 576 reperiuntur.
1025 529 1245 564 Membrana
1287 527 1389 564 Corti
1431 529 1467 563 in
1513 535 1615 576 parte
1657 529 1835 564 cochleae
1878 530 2056 565 dentibus

153 594 334 640 oppositis
373 606 555 640 nusquam
597 594 773 628 inseritur
815 600 851 628 et
891 593 991 640 quod
1028 593 1105 628 dixi
1140 594 1293 628 cellulas
1327 593 1537 628 baeillarias
1571 594 1820 640 subsequitur.
1874 593 1983 637 Quod
2019 595 2055 629 in

153 658 372 692 memoriam
416 670 593 693 revocare
635 658 833 699 voluimus,
876 658 961 704 quia
997 658 1033 692 in
1069 658 1224 693 cochlea
1261 657 1424 692 humana
1458 657 1494 692 in
1530 656 1804 692 dubitationem
1834 664 1991 693 vocatur
2020 665 2056 694 et

153 722 306 756 maximi
336 723 515 757 momenti
545 730 610 765 est,
646 722 708 757 ubi
737 723 938 768 quaeritur,
970 734 1043 768 quo
1069 721 1181 756 modo
1213 734 1345 757 sensus
1373 721 1547 757 auditorii
1577 722 1799 766 efficiantur,
1828 721 1874 756 de
1903 735 1975 769 qua
2003 735 2055 767 re,

154 785 240 832 quid
281 787 497 825 sentiamus,
536 792 575 820 ut
616 793 759 821 certum
800 786 990 833 quondam
1031 786 1144 820 finem
1188 797 1441 832 assequamur,
1478 785 1555 832 jam
1594 785 1740 821 diecere
1782 785 1892 821 nobis
1934 785 2056 821 liceat.

155 850 246 886 Cum
275 863 365 885 vero
396 852 463 885 viri
493 850 603 894 docti,
645 863 740 896 quae
769 850 890 885 adhue
920 850 965 885 de
997 850 1065 884 hac
1095 862 1133 884 re
1163 850 1416 896 conjecerunt,
1454 862 1583 897 parum
1613 856 1714 885 recte
1743 850 1917 885 statuisse
1947 850 2058 885 nobis

154 914 362 958 videantur,
392 915 612 949 sententiam
645 926 766 948 meam
797 926 843 948 ex
873 914 937 959 eis,
967 926 1062 960 quae
1091 926 1203 960 supra
1231 914 1319 957 dixi,
1350 927 1407 948 me
1437 913 1682 961 probaturum
1712 927 1794 949 esse
1823 915 1947 951 credo.

325 978 471 1014 Etenim
516 986 614 1025 puto,
662 978 971 1013 undulationibus
1008 978 1248 1013 membranae
1291 978 1392 1013 Corti
1427 978 1580 1025 ejusque
1618 978 1745 1025 partis,
1792 979 1850 1014 cui
1884 980 2058 1016 otholithi

156 1044 313 1091 inspersi
348 1050 433 1078 sunt
470 1052 505 1078 et
543 1050 796 1078 extremarum
834 1043 1052 1077 cellularum
1091 1043 1362 1077 bacillariarum
1401 1043 1559 1088 partium
1596 1054 1735 1077 nervos
1764 1043 1906 1089 agitari.
1960 1043 2057 1079 Nam

154 1109 307 1144 cellulae
350 1108 560 1143 bacillariae
602 1106 862 1155 physiologiae
904 1108 1150 1154 gravissimae
1193 1115 1289 1151 sunt,
1336 1106 1466 1153 organi
1508 1105 1611 1141 Corti
1652 1119 1699 1141 ne
1741 1107 1861 1142 simile
1908 1107 2058 1155 quidem

154 1174 357 1211 invenitur:
395 1185 465 1219 qua
496 1185 545 1215 re,
581 1184 662 1206 cum
692 1172 868 1206 minimae
898 1171 1074 1206 cochleae
1104 1172 1227 1206 avium
1263 1179 1387 1218 partes
1416 1170 1591 1205 cochleae
1623 1171 1877 1206 inanimalium
1906 1184 2061 1219 respon-

157 1237 279 1275 deant,
322 1250 490 1284 organon
525 1236 614 1271 illud
653 1236 697 1270 ad
739 1248 871 1271 sensus
907 1235 1115 1270 auditorios
1148 1235 1307 1270 inultum
1340 1236 1465 1271 valere
1503 1247 1577 1269 non
1614 1241 1749 1281 potest.
1803 1234 1976 1280 Prodest,
2023 1244 2062 1271 ut

157 1302 300 1348 opinor,
346 1302 448 1348 quasi
484 1314 578 1348 pons
613 1300 788 1335 clasticus
827 1310 863 1334 et
901 1313 984 1334 cum
1020 1306 1123 1345 parte
1159 1299 1318 1334 laminae
1355 1299 1574 1341 reticularis,
1620 1311 1714 1345 quae
1747 1305 1784 1333 et
1819 1299 1898 1346 ipsa
1927 1301 2061 1336 avibus

158 1364 273 1409 deest,
319 1366 419 1413 quasi
460 1365 596 1400 fultura
630 1365 872 1399 membranae
911 1364 1023 1399 Corti.
1095 1364 1132 1398 δί
1162 1376 1252 1398 vcro
1282 1363 1589 1398 undulationibus
1619 1363 1861 1398 membranae
1891 1364 2061 1400 basila-ris

158 1429 262 1464 nervi
292 1430 531 1476 agitarentur,
571 1429 726 1463 cellulae
755 1428 968 1463 bacillariac
999 1428 1069 1462 nisi
1098 1440 1208 1474 supra
1238 1440 1319 1461 eam
1348 1440 1424 1462 non
1454 1427 1728 1469 invenirentur3
1773 1439 1865 1473 quas
1894 1435 1994 1463 certe
2023 1429 2059 1463 in

160 1493 291 1527 avibus
321 1504 422 1527 trans
451 1493 585 1536 locum,
632 1505 704 1538 quo
734 1504 872 1527 nervus
902 1492 1158 1538 cartilaginem
1188 1493 1364 1538 perforat,
1408 1491 1612 1537 procedere
1649 1497 1685 1525 et
1721 1502 1768 1525 ex
1804 1491 1920 1525 altera
1956 1498 2060 1538 parte

159 1557 311 1592 cellulas
357 1570 471 1591 zonae
519 1557 727 1603 pectinatae
774 1557 873 1591 illam
919 1557 1058 1591 vestire
1104 1555 1286 1590 videmus.
1356 1555 1523 1599 Accedit,
1566 1554 1665 1602 quod
1707 1554 1743 1589 in
1786 1555 1918 1590 avibus
1960 1556 2061 1590 scala

159 1621 327 1668 tympani
356 1620 661 1655 undulationibus
682 1621 826 1655 moveri
851 1621 989 1667 nequit,
1020 1619 1195 1654 cochleae
1217 1626 1340 1654 autem
1362 1619 1538 1666 partibus,
1569 1620 1663 1654 sicut
1685 1631 1796 1665 supra
1817 1619 2062 1663 ostendimus,

162 1686 289 1731 positis
318 1692 426 1731 atque
456 1692 630 1732 apertura
653 1685 827 1719 foramini
854 1685 952 1719 ovali
974 1685 1157 1731 opposita,
1187 1683 1494 1718 undulationibus
1517 1684 1675 1730 primum
1696 1683 1836 1717 canalis
1857 1683 2063 1719 cochlearis

165 1758 199 1784 et
228 1757 352 1796 partes
381 1750 416 1783 in
446 1757 620 1796 apertura
658 1750 893 1796 praepositae
931 1750 1098 1784 eieantur
1134 1761 1287 1783 neccsse
1326 1756 1391 1782 est.
1451 1747 1553 1782 Haec
1589 1754 1714 1782 autem
1751 1761 1836 1795 pars
1866 1758 1921 1784 est
1950 1761 2063 1784 mem-

161 1813 276 1847 brana
307 1813 419 1851 Corti,
473 1815 594 1860 Atque
629 1813 1005 1848 animadvertendum
1044 1818 1110 1856 est,
1151 1825 1232 1846 cam
1270 1813 1373 1847 initio
1413 1818 1621 1859 angustam,
1663 1812 1855 1858 paullatim
1891 1813 2062 1848 latiorem

162 1878 240 1912 lieri
269 1885 305 1912 et
333 1890 443 1924 supra
472 1877 623 1912 cellulas
652 1878 862 1912 bacillarias
892 1890 966 1911 non
999 1876 1214 1923 procedere,
1246 1876 1310 1911 sed
1332 1890 1375 1910 eo
1397 1877 1476 1923 ipso
1498 1876 1593 1920 loco,
1623 1888 1695 1922 quo
1719 1876 1804 1911 illae
1825 1884 2063 1921 evanescant,

161 1942 267 1976 finiri.
324 1940 595 1976 Undulationes
623 1942 734 1988 igitur
762 1942 936 1988 majores,
966 1941 1176 1984 celeriores,
1205 1941 1378 1975 fortiores
1408 1939 1561 1975 cosdem
1582 1941 1618 1974 in
1646 1942 1866 1977 membrana
1895 1941 2060 1976 efficient

163 2013 304 2050 motus,
349 2006 481 2052 quibus
522 2006 677 2041 cellulae
716 2006 926 2040 bacillariae
964 2005 1259 2052 respondebunt,
1294 2004 1406 2039 modo
1444 2004 1594 2048 multae,
1641 2005 1754 2040 modo
1794 2018 1946 2052 paucae,
1992 2018 2065 2052 qua

163 2071 318 2113 ratione,
348 2083 429 2105 cum
461 2071 551 2105 varii
580 2078 704 2105 motus
733 2071 813 2105 aliis
842 2071 933 2105 loeis
959 2070 1065 2104 aliter
1093 2069 1308 2113 reddantur,
1339 2069 1430 2104 varii
1457 2081 1589 2104 sensus
1618 2068 1792 2103 auditorii
1822 2069 1924 2104 modi
1953 2069 2065 2104 effici-

164 2144 285 2169 antur.
340 2133 613 2182 Physiologicis
650 2135 686 2168 in
725 2134 821 2169 hane
858 2147 936 2168 rem
965 2134 1180 2181 diligentius
1208 2133 1468 2180 inquirendum
1500 2134 1579 2177 erit,
1624 2145 1670 2167 ex
1699 2134 1763 2178 eis,
1803 2146 1896 2180 quac
1926 2133 2064 2176 inveni,

165 2199 259 2233 hanc
289 2199 510 2233 sententiam
540 2211 616 2233 non
643 2200 811 2245 proferre
840 2212 915 2233 non
948 2211 1112 2245 possum,
1155 2211 1196 2232 ac
1233 2211 1315 2232 cum
1352 2197 1571 2244 praesertim
1605 2197 1730 2232 avium
1770 2197 1924 2232 cochlea
1952 2209 2065 2231 mam-

165 2263 317 2297 malium
356 2262 591 2309 hominisque
625 2262 813 2297 simillima
848 2263 905 2306 sit,
946 2262 982 2297 in
1020 2262 1077 2297 his
1114 2262 1271 2297 eandem
1308 2275 1386 2297 rem
1422 2261 1659 2296 statuendam
1696 2273 1776 2296 esse
1810 2273 1885 2295 non
1920 2273 2066 2308 negem.

166 2325 258 2361 Nam
287 2327 315 2361 si
345 2339 514 2373 organon
544 2326 589 2361 ad
619 2338 750 2361 sensus
779 2326 986 2361 auditorios
1015 2325 1233 2362 efficiendos
1264 2326 1464 2372 quidquam
1493 2326 1646 2366 valeret,
1681 2325 1717 2359 in
1746 2324 1879 2359 avibus
1907 2324 2068 2360 adesset.

166 2390 290 2437 Magni
320 2403 408 2426 vero
438 2391 618 2426 momenti
654 2402 735 2425 esse
771 2390 1038 2425 undulationes
1067 2391 1307 2429 membranae
1337 2390 1518 2434 basilaris,
1559 2389 1660 2436 quod
1687 2388 1854 2433 Hensen,
1897 2388 1958 2435 qui
1987 2401 2068 2423 sen-

166 2455 320 2489 tentiam
349 2463 516 2490 nostram
547 2454 660 2489 modo
690 2454 901 2501 expositam
930 2467 1005 2488 non
1036 2454 1181 2500 probat,
1211 2455 1349 2498 statuit,
1379 2455 1415 2489 in
1444 2454 1577 2489 avibus
1606 2459 1706 2488 certe
1733 2464 1927 2500 negamus.
1969 2450 2067 2494 Quid

168 2518 353 2553 secundae
382 2518 646 2554 undulationes
675 2518 836 2561 valeant,
866 2530 964 2552 nunc.
994 2517 1197 2563 dijudicare
1225 2519 1399 2561 nolimus,
1428 2518 1586 2553 multum
1616 2529 1678 2552 eas
1705 2516 1833 2551 valere
1862 2522 1961 2550 certe
1990 2528 2066 2550 non

168 2582 368 2617 verisimile
406 2590 472 2626 est,
511 2583 597 2630 quia
624 2583 778 2617 cellulae
809 2582 1021 2616 bacillariae
1051 2595 1125 2615 non
1156 2582 1191 2616 in
1221 2582 1440 2616 membrana
1468 2582 1550 2628 ipsa
1577 2581 1721 2628 positae
1752 2585 1849 2623 sunt,
1891 2579 1957 2615 sed
1986 2579 2070 2613 reti-

170 2646 252 2681 culo
294 2659 406 2693 supra
442 2647 540 2682 dicto
579 2647 624 2682 ab
660 2660 703 2682 ea
738 2647 996 2694 sejungunt-ur.
1051 2645 1288 2692 singularum
1331 2645 1485 2692 lagenae
1527 2644 1687 2692 partium
1730 2643 1854 2678 officia
1893 2644 2069 2690 pleraque
