2141 2777
65 188 217 224 vasculo
248 187 408 234 propriis
436 186 614 232 tegmenti
645 186 760 233 signis
789 192 940 220 carente
971 199 1047 221 non
1076 186 1271 222 indicatur.
1317 187 1531 224 Fasciculus
1552 191 1622 233 ille,
1652 204 1760 237 quem
1790 193 1956 227 canalem

66 253 296 288 reunientem
317 263 506 293 vocemus,
534 263 608 285 non
633 250 744 284 modo
765 250 801 285 in
832 250 1038 298 embryone
1070 251 1221 297 majoris
1251 253 1430 287 momenti
1462 259 1527 298 est,
1557 260 1595 288 ut
1624 254 1752 289 similis
1779 256 1955 292 cochleae

67 316 217 351 humani
247 327 342 362 pars,
371 327 479 362 quain
510 315 774 349 animadvertit
801 313 966 349 Hensen.

232 378 317 414 dam
353 378 523 413 venimus
558 377 605 412 ad
641 390 698 412 res
727 378 1027 425 microscopicaS,
1069 390 1224 424 quarum
1269 379 1427 426 primum
1465 380 1663 416 dicendum
1694 388 1750 417 est
1777 382 1821 418 de
1851 385 1957 419 carti-

64 443 260 491 laginibus.
314 443 419 485 Sunt,
455 448 494 476 ut
529 441 617 485 dixi,
660 442 813 477 omnino
840 441 946 486 duae,
975 442 1092 476 altera
1117 443 1304 490 triangula
1333 444 1450 479 altera
1478 445 1657 492 quadrata
1685 458 1749 480 seu
1778 448 1954 496 cartilago

66 520 277 543 nervorum.
341 505 541 540 Praeterea
576 505 687 541 crista
722 506 962 553 cartilaginea
995 507 1149 553 agnosci
1184 513 1318 553 potest,
1361 521 1454 555 quae
1491 522 1573 543 cum
1615 510 1829 556 cartilagine
1872 525 1955 547 con-

60 571 238 619 jungitur.
294 569 530 617 Cartilaginis
558 570 777 617 triangulae,
819 583 913 617 quae
943 582 1056 604 unum
1083 571 1179 606 latus
1208 572 1373 607 exterius
1414 585 1637 616 convexum,
1678 573 1751 608 duo
1794 588 1955 611 concava

65 636 230 683 praebet,
260 648 416 682 quorum
447 635 603 669 alterum
635 633 681 668 ad
710 635 878 668 canalem
914 633 1150 669 cochlearem
1179 642 1332 682 spectat,
1368 637 1525 671 alterum
1554 637 1599 671 ad
1625 638 1761 672 scalam
1791 642 1956 686 tympani

64 701 232 742 vertitur,
274 699 438 734 exterius
479 699 576 733 latus
618 698 793 733 cochleae
836 711 965 733 osseae
1007 698 1154 746 adjacet
1181 700 1413 747 formamque
1458 702 1521 735 vix
1563 702 1804 749 irregularem
1834 703 1956 739 habet.

66 763 106 799 In
134 764 249 798 latere
278 763 440 797 maxime
469 762 715 806 memorabili,
745 762 844 809 quod
865 762 910 797 ad
941 763 1078 797 scalam
1108 763 1269 798 mediam
1299 771 1454 811 spectat,
1483 765 1618 812 ubique
1647 766 1805 800 eandem
1834 780 1960 802 curva-

64 836 185 863 turam
213 827 436 870 invenimus,
477 827 547 861 nisi
577 826 676 873 quod
705 839 813 873 apex,
854 827 888 861 in
925 840 998 874 quo
1036 840 1119 862 cum
1155 840 1327 862 convexo
1356 828 1471 863 latere
1500 830 1698 873 concurrit,
1741 832 1954 877 praesertim

64 893 169 927 initio
204 891 329 939 paullo
369 891 486 938 magis
522 891 677 925 eductus
708 891 844 925 bacillo
880 903 989 926 osseo
1028 904 1140 938 supra
1168 891 1268 926 dicto
1294 891 1473 927 adhaeret
1501 900 1538 928 et
1565 907 1647 928 cum
1678 895 1864 941 periostco
1894 897 1958 930 cir-

65 956 239 992 cumdato
266 956 515 1002 conjungitur,
545 955 716 1002 idemque
746 956 782 989 in
812 956 929 990 altero
955 956 1059 1002 apice
1089 956 1261 1003 opposito
1291 969 1402 1003 saepe
1432 957 1496 992 sed
1526 971 1600 992 non
1631 971 1778 1005 semper
1797 960 1958 994 animad-

64 1021 230 1056 vertitur.
285 1019 339 1054 De
368 1019 482 1066 apice,
522 1019 556 1053 in
587 1032 659 1066 quo
688 1020 908 1054 membrana
936 1020 1107 1055 basilaris
1135 1020 1321 1065 inseritur,
1350 1021 1441 1055 nihil
1471 1021 1668 1057 dicendum
1698 1029 1770 1065 est,
1809 1036 1956 1070 semper

65 1092 187 1120 autem
217 1083 471 1130 cartilaginem
501 1084 693 1118 vasculum
722 1084 811 1119 satis
839 1097 1006 1119 crassum
1036 1084 1194 1131 obliquis
1228 1084 1390 1120 flexibus
1418 1086 1562 1132 trajicit.
1617 1086 1746 1121 Altera
1775 1088 1956 1134 cartilago

64 1162 166 1191 vero,
195 1161 288 1195 quae
317 1149 393 1182 fere
423 1160 571 1194 semper
600 1147 673 1182 duo
703 1148 855 1183 vascula
882 1148 1048 1195 praebet,
1085 1149 1208 1183 minus
1243 1150 1423 1196 regularis
1453 1149 1609 1186 videtur.
1664 1149 1810 1185 Etenim
1840 1152 1960 1186 forma

65 1212 255 1259 quadrata,
298 1225 380 1248 cum
415 1212 450 1246 in
489 1218 591 1259 parte
622 1212 807 1246 cochleari
846 1225 976 1259 parum
1007 1225 1185 1259 expressa
1214 1213 1260 1248 sit
1292 1220 1401 1260 atque
1431 1213 1476 1247 ad
1505 1214 1770 1261 triangularem
1797 1215 1959 1258 accedat,

65 1276 260 1323 perspicua
288 1276 406 1311 estin
437 1282 541 1322 parte
569 1276 798 1311 ves1ibulari.
860 1276 974 1311 Latus
1016 1277 1180 1312 exterius
1222 1290 1433 1312 convexum
1470 1278 1543 1312 ossi
1581 1277 1770 1322 adhaeret,
1808 1279 1958 1313 inferius

64 1348 166 1375 recto
196 1341 319 1387 potius
349 1341 485 1387 angulo
523 1340 739 1375 desecatum
774 1340 820 1375 ad
857 1353 1014 1375 nervum
1043 1341 1210 1384 vertitur,
1254 1341 1349 1376 latus
1384 1342 1553 1388 tympani
1592 1347 1627 1376 et
1662 1342 1781 1388 ipsum
1819 1350 1959 1376 rectum

65 1404 112 1438 ad
147 1404 295 1438 cristam
324 1404 602 1450 cartilagincam
640 1411 793 1450 spectat,
836 1414 908 1447 aut,
951 1405 1013 1438 ubi
1051 1404 1143 1438 haec
1177 1405 1297 1448 deest,
1339 1405 1386 1438 ad
1415 1405 1554 1439 scalam
1582 1406 1767 1452 tympani3
1810 1407 1960 1441 tertium

66 1467 224 1514 denique
254 1466 300 1501 ad
329 1467 496 1502 canalem
526 1467 759 1501 cochlearem
789 1480 938 1501 versum
975 1469 1134 1502 formam
1178 1468 1292 1503 habet
1333 1468 1496 1502 maxime
1531 1469 1722 1503 variatam.
1778 1468 1962 1504 Cochleac

66 1531 162 1565 enim
191 1531 295 1565 initio
325 1544 438 1578 supra
466 1531 722 1566 membranam
752 1531 950 1566 basilarem
981 1538 1145 1566 erectum
1174 1533 1292 1578 magis
1312 1532 1503 1579 magisque
1523 1533 1558 1567 in
1580 1533 1739 1567 formam
1759 1546 1962 1568 concavam

38 1602 250 1639 ficui-vatur,
288 1608 381 1642 quae
410 1596 447 1630 in
477 1603 579 1642 parte
609 1595 794 1631 cochleari
823 1602 959 1630 manet.
1040 1595 1121 1638 Qua
1158 1603 1357 1631 curvatura
1386 1605 1504 1640 aucta,
1534 1597 1704 1643 superius
1733 1597 1958 1645 cartilaginis

66 1660 172 1703 latus,
202 1659 311 1707 quod,
341 1672 424 1695 cum
454 1659 557 1694 initio
590 1659 766 1694 cochleae
795 1660 991 1707 perspicue
1021 1661 1260 1707 exprimatur,
1295 1662 1429 1696 leniter
1458 1668 1629 1696 cavatum
1658 1673 1741 1696 cum
1770 1668 1962 1708 tegmento

66 1724 263 1759 vasculoso
293 1724 533 1770 conjunctum
563 1731 629 1767 est,
657 1724 694 1759 in
723 1730 872 1759 acutum
902 1725 1045 1771 apicem
1074 1731 1258 1760 tenuatur.
1313 1725 1434 1760 Crista
1463 1725 1715 1772 cartilaginea,
1745 1739 1827 1760 cum
1858 1726 1961 1761 initio

67 1795 166 1822 arcte
203 1801 286 1823 cum
321 1787 536 1833 cartilagine
574 1787 754 1834 quadrata
790 1789 990 1835 conjuncta
1027 1789 1084 1832 sit,
1127 1802 1214 1823 mox
1250 1790 1401 1836 propria
1433 1790 1511 1836 ejus
1551 1802 1636 1837 pars
1672 1790 1801 1825 haberi
1830 1797 1962 1837 potest,

68 1864 159 1898 quae
189 1852 308 1898 primo
337 1852 461 1899 potius
486 1852 723 1899 triangularis
752 1853 788 1887 in
818 1853 1009 1899 superiore
1039 1853 1142 1900 apice
1172 1853 1428 1888 membranam
1464 1854 1661 1888 basilarem
1690 1861 1804 1889 tenet.
1858 1853 1962 1889 Basis

67 1914 240 1950 deorsum
271 1922 422 1962 spectat,
459 1929 552 1963 quae
581 1923 712 1962 postea
740 1916 776 1950 in
804 1916 971 1951 tabulam
999 1917 1160 1952 formata
1188 1916 1386 1964 denuoque
1416 1930 1499 1952 cum
1528 1918 1752 1965 cartilagine
1781 1918 1962 1965 quadrata

66 1979 226 2026 itemque
256 1993 339 2014 cum
368 1981 554 2027 triangula
582 1981 792 2027 conjuncta,
832 1993 904 2027 quo
939 1980 1052 2015 modo
1081 1981 1118 2015 in
1147 1981 1281 2028 lagena
1308 1981 1572 2016 constituenda
1600 1981 1831 2025 adhibeatur,
1875 1994 1963 2016 mox

68 2043 332 2079 describemus.
400 2043 509 2079 Initio
552 2045 728 2080 cochleae
776 2045 1012 2092 cartilagines
1056 2045 1274 2092 simpliciter
1315 2046 1594 2092 conjunguntur
1644 2046 1680 2080 in
1727 2053 1961 2081 curvaturam

67 2107 292 2155 cartilaginis
319 2109 527 2156 triangulae
556 2116 777 2144 curvaturae
806 2109 977 2153 similem,
1014 2121 1107 2156 quae
1137 2109 1175 2144 in
1204 2110 1371 2144 canalem
1401 2109 1635 2145 cochlearem
1668 2111 1840 2152 vertitur;
1883 2123 1962 2144 cur-

68 2178 153 2206 vata
182 2173 293 2207 crista
317 2173 487 2219 superior
514 2180 705 2220 tegmento
735 2178 878 2217 carens,
919 2180 1118 2220 postquam
1147 2180 1359 2220 aperturam
1389 2174 1624 2210 cochlearem
1657 2174 1853 2222 supplevit,
1890 2187 1963 2221 quo

67 2235 184 2282 magis
213 2235 365 2279 accedit,
394 2249 438 2271 eo
468 2237 586 2283 magis
615 2243 788 2272 mutatur.
823 2238 973 2285 Angulo
1003 2238 1101 2272 enim
1130 2238 1307 2273 interiore
1337 2239 1515 2274 inferiore
1539 2240 1576 2274 in
1600 2251 1815 2286 processum
1845 2239 1963 2285 magis

69 2299 259 2346 magisque
295 2309 525 2336 crescentem
562 2301 608 2336 ad
645 2303 902 2350 cartilaginem
937 2303 1162 2349 triangulam
1204 2302 1468 2349 procedentem
1514 2303 1660 2346 educto⁷
1701 2303 1797 2337 latus
1831 2303 1962 2337 cristae

69 2364 281 2410 tympanale
323 2365 563 2400 membranae
601 2366 750 2401 basilari
792 2367 945 2413 propius
986 2366 1131 2403 accedit
1165 2374 1210 2410 et,
1252 2368 1468 2415 cartilagine
1504 2368 1690 2413 triangula
1731 2380 1813 2401 cum
1853 2367 1963 2402 crista

70 2427 279 2473 conjuncta,
308 2429 466 2475 spatium
494 2430 561 2465 sub
592 2431 811 2465 membrana
839 2431 988 2466 basilari
1017 2431 1129 2466 situm
1158 2431 1402 2466 vehementer
1438 2432 1616 2466 minuitur
1645 2438 1680 2465 et
1708 2438 1897 2477 postremo
1927 2431 1961 2465 in

69 2490 202 2538 lagena
238 2493 443 2535 evanescit,
486 2507 558 2540 quo
591 2495 690 2529 facto
729 2495 828 2529 scala
862 2495 1030 2543 tympani
1060 2502 1167 2530 extra
1195 2496 1387 2530 cochleam
1417 2496 1538 2542 posita
1567 2502 1632 2530 est.
1695 2494 1812 2529 Simul
1840 2503 1962 2529 autem

70 2567 278 2601 processus,
306 2557 364 2603 qui
395 2557 440 2591 ab
470 2559 656 2593 exteriore
685 2559 862 2594 inferiore
892 2560 1118 2607 cartilaginis
1152 2559 1352 2606 quadratae
1383 2560 1486 2606 apice
1513 2559 1639 2602 oritur,
1669 2565 1704 2593 et
1734 2571 1814 2593 vum
1846 2559 1963 2593 altero

70 2619 179 2653 simili
216 2632 262 2654 ex
296 2620 471 2656 inferiore
507 2623 715 2670 triangulae
749 2623 853 2670 apice
891 2629 973 2658 orto
1008 2624 1257 2670 conjungitur,
1293 2636 1452 2658 nervum
1488 2623 1720 2670 applectitur.
1775 2622 1845 2665 Qui
1881 2635 1963 2657 rum
