2141 2777
1012 75 1058 108 12

253 188 524 235 Regrediamur
565 192 687 221 autem
731 185 776 220 ad
818 198 969 229 nervos,
1011 197 1168 230 quorum
1210 186 1305 220 fines
1346 186 1518 232 persequi
1557 187 1739 233 imprimis
1777 187 1988 221 anatomiae

87 253 361 300 comparativae
392 252 525 287 summi
555 251 662 297 pretii
690 263 770 284 csse
801 255 985 296 putamus.
1027 248 1201 284 Invenire
1222 261 1298 292 eos,
1328 249 1364 283 ni
1386 249 1506 292 fallor,
1536 249 1626 284 mihi
1647 251 1813 297 contigit.
1855 249 1988 285 Fibrae

88 317 183 352 enim
224 329 444 359 nervorum,
497 320 692 361 postquam
739 313 995 360 cartilaginem
1036 314 1343 360 perforaverunt,
1397 313 1433 347 in
1476 313 1676 349 fasciculos
1717 314 1881 350 radiatae
1923 327 1990 362 per

87 381 342 416 anastomosin
373 380 652 426 conjunguntur
681 384 716 412 et
740 378 939 424 praecipue
970 385 1073 412 trans
1102 377 1278 424 papillam
1309 377 1481 424 spiralem
1510 383 1622 412 tenue
1651 377 1847 412 reticulum
1878 378 1989 413 effici-

85 452 161 480 unt.
216 444 391 492 Singulae
434 443 588 490 singulis
630 442 773 476 cellulis
811 441 847 476 in
889 441 1027 476 infimis
1063 441 1244 483 tenubris,
1287 441 1395 476 claris
1423 442 1591 488 partibus
1619 442 1736 476 fibrae
1764 442 1989 477 inseruntur.

88 509 156 545 Ubi
186 509 317 544 dentes
346 508 504 543 humiles
534 507 620 541 sacti
651 512 748 548 sunt,
789 506 858 540 sub
900 506 1037 553 papilla
1078 505 1214 540 adsunt.
1258 505 1374 540 fibrae
1412 506 1555 541 cellulis
1592 506 1840 541 adhaerentes
1868 519 1989 553 neque

84 582 208 608 tamen
247 586 329 608 cum
367 573 418 607 cis
454 572 676 617 conjunctae
715 577 965 617 praetereunt.
1030 569 1119 605 Plus
1161 570 1276 604 semel
1318 569 1451 604 fibram
1488 583 1508 604 a
1545 570 1678 605 cellula
1718 571 1907 605 bacillaria
1943 570 1989 605 ad

84 645 308 686 aperturam,
334 650 403 684 qua
433 636 535 671 nervi
567 636 716 678 intrant,
746 634 864 669 oculis
892 634 1063 681 persequi
1093 634 1208 681 potui.
1254 633 1345 668 Cum
1368 634 1588 669 membrana
1615 634 1766 669 basilari
1791 634 1987 669 reticulum

85 715 159 737 non
190 709 289 737 arcte
319 701 567 748 conjungitur,
598 712 671 734 una
701 712 784 733 cum
814 699 956 733 cellulis
992 698 1193 733 bacillariis
1229 697 1336 732 facile
1373 698 1516 732 tollitur
1553 711 1713 745 raroque
1741 711 1876 745 parvae
1905 699 1989 733 illae

85 766 389 814 protuberantiae
431 766 465 798 in
509 764 676 798 sectione
717 769 935 798 transversa.
976 762 1079 797 visae
1118 767 1270 796 restant.
1340 760 1536 796 {eticulum
1574 762 1833 797 tenuissimum
1871 769 1924 796 est
1955 768 1991 797 et

84 830 333 877 microscopio
364 828 539 875 explicari
569 827 707 874 nequit.

257 893 340 928 dam
384 893 555 928 venimus
595 892 640 926 ad
683 892 880 926 interiores
921 897 1048 938 partes
1082 891 1249 937 lagenae.
1305 889 1425 924 Trans
1464 889 1607 933 dentes
1649 890 1710 924 ubi
1753 891 1989 937 cartilagines

87 971 233 993 sursum
277 957 570 1003 conj-'‘rediimtm·
606 962 714 1003 atque
749 961 982 1002 tegmentum
1019 955 1254 997 demovetur,
1297 955 1390 989 aliae
1420 954 1575 988 cellulae
1605 954 1856 997 inveniuntur,
1896 967 1989 1001 quae

87 1022 314 1069 cartilaginis
354 1021 560 1067 triangulae
604 1020 640 1055 in
682 1020 902 1054 membrana
943 1019 1093 1054 basilari
1138 1019 1217 1053 sitis
1254 1018 1462 1053 simillimae
1502 1024 1597 1055 sunt.
1665 1017 1805 1053 Dentes
1838 1030 1988 1053 versum

87 1087 210 1134 paullo
240 1086 456 1121 humiliores
494 1085 599 1127 fiunt,
647 1085 781 1127 clarae,
827 1083 1047 1131 pellucidae,
1094 1082 1337 1131 cylindratae,
1378 1082 1522 1116 nucleis
1560 1082 1751 1129 praeditae
1787 1088 1883 1125 sunt,
1929 1082 1989 1129 qui

86 1151 242 1185 similem
290 1152 446 1184 formam
497 1149 866 1195 magnitudinemque
913 1147 1112 1195 praebent,
1169 1160 1276 1193 quam
1324 1147 1446 1181 nuclei
1500 1146 1716 1181 cellularum
1764 1146 1990 1193 cartilaginis

85 1215 304 1262 triangulae.
360 1214 441 1257 Quo
486 1214 604 1259 magis
642 1213 880 1260 cartilagines
922 1211 1227 1259 congrediuntur,
1269 1224 1313 1246 eo
1352 1212 1471 1258 magis
1509 1210 1641 1245 dentes
1682 1210 1901 1257 procedunt,
1944 1209 1990 1245 ad

85 1280 197 1314 tinem
228 1279 467 1313 membranae
499 1278 669 1313 basilaris
702 1277 822 1324 magis
858 1276 1034 1311 deorsum
1072 1282 1160 1311 eunt
1188 1283 1297 1323 atque
1327 1289 1409 1310 cum
1439 1276 1507 1310 hac
1538 1280 1776 1310 evanescunt.
1832 1273 1990 1316 Quibus-

87 1356 169 1378 cum
206 1350 401 1390 postquam
440 1343 659 1377 membrana
695 1341 797 1377 Corti
830 1341 936 1375 finita
973 1347 1039 1384 est,
1078 1341 1318 1388 cartilagines
1356 1340 1511 1387 lagenae
1541 1339 1765 1375 clauduntur
1795 1345 1829 1373 et
1859 1350 1987 1385 parem

87 1408 221 1454 ubique
268 1407 550 1442 crassitudinem
599 1406 789 1453 praebent.
857 1404 950 1440 Cum
993 1418 1084 1439 vero
1121 1405 1264 1448 dentes,
1302 1404 1521 1439 membrana
1560 1403 1729 1438 basilaris
1766 1409 1801 1437 et
1834 1402 1989 1436 cellulae

88 1472 298 1506 bacillariae
342 1478 583 1511 evanescunt,
632 1470 786 1504 cellulae
828 1469 941 1504 modo
984 1474 1302 1503 commemoratae
1347 1467 1567 1514 procedunt,
1613 1479 1654 1501 ac
1691 1472 1882 1513 postremo
1910 1471 1988 1500 tota

89 1536 222 1582 lagena
252 1536 303 1570 eis
331 1536 500 1570 vcstitur.
557 1535 650 1569 Sunt
688 1535 723 1569 in
759 1533 876 1568 fundo
912 1533 1036 1580 paullo
1071 1532 1300 1574 humiliores,
1340 1544 1449 1579 quam
1477 1532 1514 1566 in
1544 1530 1724 1565 lateribus
1753 1536 1787 1564 et
1817 1531 1851 1564 in
1879 1536 1990 1573 tecto,

89 1606 124 1634 et
152 1606 341 1646 postremo
372 1600 506 1647 ubique
537 1599 668 1633 eadem
697 1598 903 1633 altitudine.
942 1596 1045 1640 Quae
1072 1597 1227 1631 cellulae
1257 1596 1365 1631 lineis
1394 1595 1644 1630 circumdatae
1674 1601 1760 1629 sunt
1788 1593 1990 1628 admodum

89 1664 275 1705 tenuibus,
305 1678 396 1711 quae
427 1665 532 1698 facilc
563 1663 745 1706 delentur,
775 1669 810 1697 ct
839 1674 927 1696 mox
957 1662 1083 1709 granis
1112 1661 1323 1708 implentur.
1364 1660 1446 1703 Quo
1470 1659 1584 1694 modo
1613 1659 1746 1706 lagena
1775 1658 1991 1705 aequalibus

89 1729 230 1764 cellulis
259 1729 393 1763 vestita
422 1728 580 1763 necdum
610 1733 710 1762 tecto
741 1739 895 1774 prorsus
924 1727 1063 1769 clauso,
1104 1726 1200 1760 inter
1227 1725 1308 1760 illas
1338 1725 1536 1772 praecipue
1566 1724 1601 1758 in
1630 1723 1809 1764 lateribus
1838 1722 1991 1757 cellulae

89 1793 314 1829 bacillariae,
345 1805 438 1838 quac
467 1792 638 1827 basilaris
667 1791 908 1826 membranae
938 1790 1081 1825 cellulis
1101 1789 1301 1824 bacillariis
1327 1788 1641 1824 evanescentibus
1662 1787 1779 1834 magis
1800 1786 1991 1833 magisque

92 1863 278 1904 augentur
308 1865 341 1891 et
373 1864 564 1903 postremo
594 1868 661 1903 per
687 1861 804 1890 totam
834 1855 1006 1902 lagenam
1036 1855 1133 1890 inter
1163 1854 1316 1889 cellulas
1345 1852 1498 1896 lucidas,
1539 1851 1766 1900 cylindratas
1800 1850 1991 1896 inspersae

92 1927 188 1964 sunt,
223 1921 473 1955 inveniuntur.
519 1920 600 1963 Qua
628 1933 666 1955 re
696 1920 779 1954 illae
808 1920 857 1954 ita
885 1926 1089 1963 mutantur,
1115 1925 1156 1953 ut
1182 1918 1219 1952 in
1248 1918 1373 1952 medio
1403 1917 1505 1964 quasi
1532 1916 1756 1951 constrictae
1784 1913 1992 1948 videantur.

92 1985 130 2020 ln
161 1984 279 2019 fundo
310 1992 432 2018 autem
463 1985 617 2031 lagenae
648 1984 716 2018 liae
748 1984 902 2019 cellulae
933 1983 1068 2018 desunt
1097 1989 1133 2017 et
1162 1983 1264 2017 solae
1294 1980 1525 2030 cylindratae
1553 1979 1805 2015 inveniuntur.
1840 1977 1993 2011 Bacilla-

91 2050 165 2083 riae
193 2049 349 2095 lagenae
377 2049 530 2083 cellulae
559 2061 634 2083 non
661 2060 816 2095 prorsus
845 2047 1003 2082 eandem
1024 2047 1182 2082 formam
1204 2046 1396 2093 praebent,
1424 2057 1534 2092 quam
1564 2049 1721 2086 ceterae,
1750 2042 1878 2089 spinae
1907 2046 1993 2075 sunt

93 2113 293 2159 longiores,
324 2112 514 2147 tenuiores
545 2118 579 2146 et
608 2125 720 2159 supra
749 2112 901 2147 cellulas
930 2110 1169 2159 cylindrataS‚
1195 2123 1285 2158 quas
1311 2110 1443 2144 dentes
1470 2109 1625 2155 lagenae
1646 2106 1842 2153 appellem,
1870 2104 1992 2151 longis

93 2177 268 2212 tenuibus
311 2177 478 2224 apicibus
520 2177 742 2223 prominent.
795 2175 925 2222 Margo
966 2175 1220 2210 condensatus
1257 2173 1450 2220 angustior
1480 2177 1535 2206 est
1563 2177 1599 2206 et
1628 2170 1750 2205 statim
1782 2170 1816 2203 in
1848 2169 1992 2215 spinam

95 2241 262 2285 eductus,
310 2254 445 2288 corpus
475 2241 628 2275 cellulae
659 2241 831 2281 crassius,
878 2240 1000 2274 minus
1028 2239 1163 2274 leniter
1192 2237 1446 2279 rotundatum,
1485 2235 1659 2270 deorsum
1690 2246 1779 2268 vero
1809 2239 1843 2267 et
1872 2232 1992 2278 ipsum

95 2305 130 2340 in
160 2305 398 2352 pellucidum,
440 2305 579 2340 clarum
615 2305 757 2352 apicem
796 2303 981 2342 eductum,
1023 2304 1083 2350 qui
1121 2302 1285 2336 colorem
1315 2300 1528 2335 coccineum
1556 2312 1631 2333 non
1663 2298 1765 2332 bibit.
1819 2295 1993 2342 Singulas

98 2369 164 2403 has
206 2370 357 2404 cellulas
397 2370 560 2417 integras
594 2382 670 2404 non
706 2369 792 2403 vidi.
848 2368 1012 2403 Cellulae
1050 2367 1134 2401 illae
1171 2365 1400 2413 cylindratae
1439 2376 1521 2399 cum
1552 2362 1711 2409 primum
1740 2361 1994 2401 inveniuntur,

96 2439 281 2468 secretum
311 2434 493 2480 praebent
520 2433 786 2480 liomogenum,
815 2432 1076 2479 gelatinosum,
1114 2431 1172 2465 cui
1209 2428 1491 2464 innumirabiles
1521 2425 1693 2461 otholithi
1723 2425 1842 2458 forma
1872 2423 1993 2465 solita,

97 2497 268 2544 majoreS,
297 2500 462 2534 minores
491 2498 647 2544 inspersi
677 2503 772 2532 sunt.
810 2496 869 2531 Ad
896 2495 966 2530 hoc
991 2501 1187 2537 secretum,
1216 2493 1432 2529 cellularum
1463 2489 1753 2538 cylindratarum
1784 2486 1993 2528 cuticulam,

99 2578 192 2611 quae
227 2565 385 2599 laminae
421 2560 895 2608 fenesti‘ataeffespondet,
943 2560 1072 2606 spinae
1107 2558 1291 2593 accedunt
1327 2564 1361 2590 et
1399 2555 1588 2590 incedunt.
1661 2552 1764 2594 Quae
1802 2551 1832 2585 si
1870 2550 1994 2597 plures

99 2628 204 2665 fiunt.
245 2635 411 2673 augetur.
467 2627 548 2669 Quo
584 2626 697 2661 modo
736 2624 909 2660 otholithi
944 2624 980 2658 in
1012 2636 1055 2657 ea
1082 2629 1294 2663 nascantur,
1341 2619 1480 2661 nescio,
1525 2625 1605 2652 tota
1633 2624 1756 2651 antem
1786 2613 1993 2650 substantia
