2141 2777
1060 97 1081 129 S

125 208 311 255 conjuncti
342 208 413 242 sint
444 219 654 252 nervusque
684 213 871 247 tenuatus,
900 219 1076 253 processu
1107 207 1290 242 crassiore
1319 206 1478 250 reddito,
1505 220 1644 244 nervus
1673 209 1770 244 inter
1797 210 1889 245 duas
1919 211 2026 246 carti-

126 274 287 319 laginum
326 272 472 306 tabulas
511 271 675 305 inclusus
705 278 770 304 est.
848 269 977 316 Neque
1006 283 1096 306 vero
1126 270 1303 305 deorsum
1333 271 1466 315 solum,
1508 271 1574 306 sed
1604 272 1713 307 etiam
1744 286 1890 308 sursum
1920 275 2025 310 carti-

124 338 265 383 lagines
308 336 596 382 conjunguntur.
663 334 748 369 dam
791 347 905 381 supra
946 334 1034 378 dixi,
1078 335 1336 382 cartilaginem
1375 335 1595 381 quadratam
1631 337 1666 371 in
1698 345 1801 384 parte
1839 338 2026 373 cochleari

125 414 198 435 non
229 400 462 447 superficiem
493 399 558 434 sed
588 399 730 445 apicem
760 399 952 445 praebere.
1006 398 1088 434 Hoc
1123 400 1227 446 apice
1257 407 1293 433 ets
1323 400 1550 447 cartilaginis
1589 401 1796 448 triangulae
1832 403 2024 449 superiore

124 465 278 503 eductis,
322 464 481 499 arcuatis
523 472 557 498 et
600 464 809 510 conjunctis
845 462 886 498 fit
919 464 1064 510 lagena,
1107 464 1143 498 in
1178 476 1247 510 qua
1284 463 1399 498 sectio
1436 471 1651 499 transversa
1689 465 1847 500 formam
1876 474 2024 501 ovatam

126 529 307 569 ostendit2
339 529 576 575 cartilagines
605 537 727 562 autem
758 528 810 562 ita
838 534 1040 571 mutantur,
1070 535 1107 562 ut
1137 527 1347 562 crassitudo
1377 541 1503 563 earum
1533 529 1670 575 ubique
1699 530 1746 564 sit
1775 530 1916 565 eadem.
1972 530 2025 565 De

123 600 308 629 structura
336 594 558 640 histologica
587 592 677 627 nihil
706 592 885 629 dicamus.
915 593 985 627 nisi
1013 592 1126 627 telam
1156 592 1435 638 conjunctivam
1465 593 1617 639 agnosci
1646 593 1768 628 licere.
1807 594 2026 629 Substantia

123 658 219 694 enim
249 658 474 704 cartilaginis
503 657 649 697 duritia,
678 670 771 704 quae
801 656 898 703 apud
929 656 1107 702 quasdam
1139 669 1239 698 aves,
1269 662 1309 690 ut
1329 657 1508 698 cornices,
1536 657 1616 704 plus
1636 658 1807 692 minusve
1829 658 1863 692 in
1886 659 2023 693 calcem

121 723 215 757 verti
249 729 381 769 potest,
411 722 576 756 continet
606 722 757 756 cellulas
786 721 1012 756 ramificatas
1041 721 1076 754 in
1105 721 1257 754 moduni
1288 720 1456 755 susorum
1488 722 1805 769 (spindelffirmig)
1835 724 2025 766 formatas,

125 787 266 822 nucleis
308 787 477 821 rotundis
520 787 577 821 vel
621 786 795 834 oblongis
836 786 1035 833 praeditas.
1079 785 1274 831 impositas
1303 785 1338 819 in
1365 785 1480 819 multa
1509 786 1718 820 substantia
1747 787 2024 829 interr-ellulari,

121 864 217 897 quae
246 865 266 885 a
294 851 522 885 membranis
551 851 767 885 cellularum
798 850 943 897 sejungi
972 850 1109 896 nequit.
1148 849 1233 883 Alia
1261 849 1447 883 elementa
1475 862 1548 883 non
1578 849 1800 885 invenimus.
1838 849 2025 897 Cartilago

122 928 204 949 cum
236 916 420 962 periosteo
456 915 646 949 nonnullis
685 915 775 949 locis
811 914 1018 949 arctissime
1057 914 1258 960 conjuncta
1294 920 1360 953 est,
1401 914 1591 959 utriusque
1620 914 1694 948 tela
1723 915 1913 960 paullatim
1944 928 2025 949 coa-

124 979 265 1013 lescere
307 979 475 1023 videtur3
518 978 616 1025 quod
659 979 837 1025 imprimis
878 978 912 1013 in
955 991 1135 1025 processu
1178 978 1413 1019 observatur,
1455 978 1514 1023 qui
1557 990 1706 1024 semper
1745 991 1764 1012 a
1805 979 2023 1024 cartilagine.

123 1042 303 1090 quadrata
345 1043 591 1090 proficiscitur
633 1039 899 1090 paullatinique
936 1050 1112 1078 tenuatus
1148 1042 1184 1076 in
1215 1041 1403 1089 periosteo
1433 1041 1579 1076 desinit.
1636 1041 1801 1077 Cellulae
1831 1043 2027 1078 intervalla

119 1107 259 1154 majora
304 1108 495 1154 praebent,
537 1107 747 1142 substantia
788 1107 1078 1142 intercelluraris
1120 1114 1289 1150 augetur,
1333 1114 1523 1152 postremo
1561 1106 1636 1140 tela
1674 1105 1831 1140 eandem
1866 1107 2025 1142 formam

126 1172 290 1218 praebet,
321 1185 428 1218 quani
460 1172 633 1219 periostei
662 1171 816 1206 Hensen
844 1171 1048 1218 descripsit.

291 1236 580 1281 Progrediznnus
617 1236 728 1283 igitur
765 1236 810 1270 ad
844 1243 1087 1283 tegmentum.
1143 1234 1255 1278 Quod
1293 1247 1404 1281 supra
1439 1234 1531 1268 duas
1566 1234 1802 1281 cartilagines
1832 1243 2024 1270 arcuatum

120 1300 291 1334 claudere
332 1301 497 1335 canalem
540 1300 773 1335 cochlearem
818 1308 977 1347 excepta
1019 1306 1193 1346 apertura
1231 1311 1342 1345 supra
1385 1298 1558 1332 diximus.
1614 1298 1705 1333 Cum
1744 1299 2025 1346 cartilaginibus

119 1365 360 1411 conjungitur
388 1378 452 1411 per
481 1373 612 1399 tenues
642 1365 880 1399 membranas
910 1377 1064 1411 quarum
1095 1364 1131 1397 in
1161 1362 1441 1398 constructione
1463 1362 1554 1397 nihil
1576 1370 1642 1405 est,
1671 1362 1769 1409 quod
1800 1376 2026 1398 commemo·

124 1435 237 1463 retur.
311 1428 493 1462 Videmus
534 1413 630 1461 eniin
673 1429 786 1462 telam
829 1428 1104 1474 conjunctivam
1149 1426 1372 1473 pellucidam
1419 1427 1545 1461 nervis
1590 1427 1793 1472 interjectis
1839 1427 2027 1472 periosteo

124 1492 281 1527 similem
323 1494 523 1539 praecipue
565 1504 647 1526 cum
691 1492 899 1538 triangulae
937 1491 1166 1537 cartilaginis
1203 1491 1306 1537 apice
1343 1490 1476 1524 leniter
1512 1490 1722 1535 conjuncta.
1776 1490 2025 1538 Tegmentum

121 1556 207 1591 inde
237 1557 282 1591 ab
318 1556 422 1590 initio
458 1556 632 1591 cochleae
669 1556 787 1603 magis
817 1555 1009 1602 magisque
1038 1561 1225 1598 tenuatur,
1265 1553 1364 1600 quod
1395 1554 1593 1600 praecipue
1628 1554 1664 1588 in
1693 1555 1909 1601 cartilagine
1941 1566 2026 1601 qua-

122 1620 228 1655 drata
256 1621 419 1668 conspici
451 1621 545 1655 licet.
626 1619 718 1654 Nam
757 1633 840 1654 cum
878 1620 982 1654 initio
1023 1619 1058 1654 in
1097 1618 1294 1666 superficie
1331 1618 1560 1664 cartilaginis
1602 1618 1805 1653 admodum
1848 1630 2027 1665 expressa

123 1692 232 1732 atque
262 1692 414 1720 curvata
444 1693 479 1720 ut
510 1697 656 1720 crassus
686 1692 790 1719 torus
815 1684 1030 1731 impositum
1061 1683 1118 1727 sit,
1147 1683 1215 1717 hae
1237 1682 1433 1729 superficie
1456 1682 1491 1716 in
1513 1682 1683 1716 latiorem
1706 1683 1849 1729 apicem
1871 1689 2026 1716 tenuata

120 1749 337 1784 diminuitur
367 1756 412 1791 et,
442 1762 523 1783 cum
556 1749 793 1796 cartilagines
830 1749 867 1783 in
902 1749 1036 1796 lagena
1074 1761 1155 1783 sese
1185 1748 1454 1793 conjuncturae
1485 1747 1569 1790 sint,
1608 1753 1841 1793 tegmentum
1870 1746 1920 1781 ibi
1946 1747 2025 1793 jam

118 1820 231 1848 tenue
261 1814 399 1848 faetmn
431 1813 698 1860 comprimitur,
730 1812 865 1848 deinde
896 1813 966 1848 illis
995 1812 1204 1859 conjunctis
1228 1812 1389 1858 primum
1419 1823 1575 1857 parvum
1606 1811 1833 1858 cartilaginis
1863 1811 2026 1857 spatium

122 1878 224 1913 tenui
255 1884 370 1913 strato
401 1885 568 1924 occupat,
597 1884 802 1924 postremo,
831 1890 914 1912 cuni
943 1884 1081 1912 tectum
1115 1874 1401 1910 crassitudinem
1431 1875 1535 1909 fundi
1565 1875 1720 1920 lagenae
1750 1874 2026 1921 exaequaverit,

125 1955 277 1989 prorsus
309 1942 509 1985 evanescit,
539 1942 682 1988 aliaque
711 1942 895 1976 elementa
922 1941 1146 1983 invenimur,
1176 1940 1221 1975 de
1244 1939 1378 1986 quibus
1400 1946 1529 1986 postea
1551 1938 1750 1973 dicendum
1773 1939 1851 1973 erit.
1898 1937 2026 1984 Neque

122 2014 249 2041 tamen
279 2013 510 2054 tegmentum
539 2006 801 2041 tantummodo
833 2005 1090 2052 superioribus
1119 2004 1378 2051 cartilaginum
1418 2003 1584 2050 apicibus
1619 2003 1654 2037 in
1685 2002 1870 2037 vestibulo
1900 2001 2026 2036 inseri-

119 2077 195 2113 tur,
225 2070 289 2106 sed
319 2071 498 2117 imprimis
526 2071 680 2117 propius
702 2083 722 2104 a
742 2070 877 2117 lagena
896 2070 931 2104 in
954 2069 1213 2117 cartilaginum
1234 2069 1362 2111 latera,
1391 2079 1484 2114 quae
1512 2067 1557 2101 ad
1589 2066 1760 2101 canalem
1791 2066 2025 2101 cochlearem

124 2140 304 2181 spectant,
333 2135 476 2174 transit,
497 2134 618 2181 ibique
641 2134 764 2169 subito
787 2134 927 2177 denuit,
956 2134 1100 2180 aliaque
1122 2133 1309 2168 elementa
1329 2131 1583 2166 inveniuntur.
1623 2130 1761 2165 Totum
1783 2137 2027 2178 tegmentum,

123 2206 162 2234 ut
190 2198 278 2242 dixi,
307 2205 520 2234 transverse
550 2199 720 2234 striatum
752 2206 818 2241 est,
861 2198 960 2244 quod
991 2197 1186 2245 praecipue
1216 2197 1252 2231 in
1282 2196 1387 2231 initio
1417 2195 1593 2230 cochleae
1625 2196 1820 2242 perspicue
1853 2194 2024 2240 exprimi-

123 2273 195 2304 tur,
225 2263 378 2310 propius
415 2271 538 2297 autem
569 2276 587 2296 a
617 2263 751 2309 lagena
787 2262 949 2309 speciem
985 2262 1198 2309 aequiorem
1235 2260 1399 2308 praebet.
1455 2259 1573 2301 Quam
1604 2271 1682 2293 rem
1711 2258 1916 2305 majoribus
1944 2270 2024 2292 vas-

120 2327 222 2370 culis,
253 2340 345 2374 quae
376 2326 473 2361 haud
504 2340 656 2374 parvam
692 2327 872 2374 tegmenti
903 2334 1044 2373 partem
1074 2332 1270 2372 occupant,
1305 2337 1381 2359 non
1411 2336 1527 2371 aeque
1557 2323 1764 2358 distributis
1795 2322 1891 2357 effici
1920 2329 2025 2373 puto.

119 2390 196 2426 Nos
227 2391 388 2438 quidem,
417 2404 499 2426 cum
530 2391 793 2438 injectionibus
823 2391 875 2425 uti
904 2404 978 2425 non
1009 2390 1252 2437 potuerimus,
1282 2396 1322 2424 ut
1346 2387 1669 2423 Windischmanni
1698 2386 1847 2421 tabulae
1876 2386 2022 2433 inspici-

120 2463 239 2498 antur,
269 2469 400 2503 rogere
430 2455 621 2490 debemus.
676 2454 796 2490 Striae
833 2462 1082 2497 transversae,
1123 2455 1220 2489 inter
1255 2466 1346 2500 quas
1382 2452 1505 2487 lucida
1537 2451 1657 2498 spatia
1686 2451 1896 2486 intermissa
1924 2457 2022 2494 sunt,

118 2521 219 2566 ipsae
251 2520 431 2554 obscurae
461 2526 547 2555 sunt
576 2526 610 2554 et
640 2520 676 2554 in
707 2520 865 2554 formam
894 2519 1135 2553 reticulorum
1166 2526 1200 2553 et
1229 2530 1381 2552 arcuum
1410 2516 1698 2563 conjunguntur.
1744 2514 1880 2549 Totum
1909 2514 2021 2561 igitur

118 2591 349 2627 tegmentum
381 2584 548 2619 continet
576 2584 769 2630 copiosum
793 2583 1031 2618 vasculorum
1061 2583 1270 2625 reticulum,
1299 2582 1403 2628 cnjus
1433 2581 1468 2614 in
1499 2579 1705 2614 intervallis
1734 2579 1888 2613 cellulae
1917 2578 2020 2625 poly-

118 2648 284 2692 ,fg-males,
326 2648 481 2692 lucidae,
523 2648 739 2695 interjectae
778 2654 874 2691 sunt,
915 2647 1106 2694 praeditae
1137 2647 1264 2693 paucis
1294 2645 1430 2691 granis,
1473 2643 1614 2678 nucleis
1644 2656 1734 2678 vero
1763 2642 2018 2688 nucleolisque
