2141 2777
71 809 329 870 Conantibus
365 834 475 869 nobis
514 834 689 869 cochleae
725 833 848 868 avium
885 832 1205 867 constructionem
1241 833 1454 869 describere
1491 847 1565 869 non
1597 834 1749 869 dubium
1781 840 1847 877 est,
1877 835 1962 881 quin

70 911 145 933 non
175 898 277 932 nulla
304 899 339 932 in
371 898 438 933 hac
467 910 505 932 rc
536 897 771 945 diligentiore
809 904 919 943 atque
954 897 1185 932 accuratiore
1219 897 1458 944 inquisitione
1497 898 1759 945 investiganda
1788 906 1821 933 et
1853 899 1966 945 expli-

72 962 190 997 canda
215 962 298 1004 sint,
342 974 414 1008 qua
443 961 488 996 de
518 974 640 1005 causa,
683 962 711 995 si
741 961 828 1007 quid
858 961 892 995 in
925 960 981 995 his
1010 961 1166 1008 pagellis
1194 960 1439 1004 desideretur,
1483 962 1534 996 rei
1571 961 1828 997 difficultatem
1858 974 1966 996 excu-

72 1039 206 1062 samus.
262 1025 365 1068 Quae
395 1038 484 1059 vero
514 1025 701 1059 laboriosa
729 1024 970 1071 inquisitione
999 1024 1222 1067 invenimus,
1253 1037 1382 1059 eorum
1412 1038 1594 1060 summam
1625 1026 1694 1060 hoc
1724 1026 1806 1060 loco
1838 1026 1966 1072 paucis

75 1103 319 1137 exponemus,
349 1089 494 1136 singula
521 1089 556 1122 in
587 1088 759 1123 uberiore
788 1088 1041 1135 disputatione
1070 1090 1286 1135 germanica
1313 1102 1381 1124 nos
1402 1102 1491 1124 mox
1520 1090 1657 1136 publici
1682 1090 1775 1136 juris
1804 1091 1968 1124 facturos

74 1167 153 1189 esse
190 1166 394 1200 speramus.
449 1151 745 1188 Observationes
787 1153 943 1187 fecimus
982 1153 1164 1199 imprimis
1200 1153 1235 1188 in
1274 1153 1459 1188 columbis
1499 1166 1619 1200 neque
1660 1160 1783 1188 tamen
1826 1160 1968 1188 ceteras

75 1230 163 1252 aves
192 1217 442 1264 negleximus,
472 1217 600 1264 inquo
631 1229 712 1252 cum
744 1217 924 1263 majorem
953 1216 1209 1251 diversitatem
1240 1231 1313 1252 non
1345 1218 1609 1261 invenerimus,
1639 1231 1715 1252 non
1745 1217 1969 1261 dubitamus,

75 1282 159 1328 quin
197 1280 353 1323 Deiters,
395 1293 504 1328 quem
542 1287 778 1328 praematura
813 1287 934 1315 morte
972 1281 1168 1327 abreptum
1202 1281 1385 1328 lugemus,
1427 1283 1463 1316 in
1504 1283 1698 1329 praeclaro
1743 1281 1788 1316 (le
1828 1294 1969 1328 organo

75 1345 260 1380 auditorio
290 1346 412 1379 avium
443 1345 704 1379 dissertatione
729 1344 811 1389 jure
842 1345 1024 1388 statuerit,
1054 1357 1147 1392 quac
1177 1358 1321 1392 cunque
1351 1345 1395 1380 de
1426 1346 1608 1380 columbis
1629 1346 1811 1389 dicantur,
1841 1345 1971 1380 eadem

75 1410 110 1442 in
141 1415 283 1443 cctcras
312 1420 400 1442 aves
427 1408 561 1442 valere.

244 1470 363 1505 Ossea
391 1470 544 1505 cochlea
572 1471 739 1506 modicas
773 1471 911 1505 circum
950 1470 1044 1505 duos
1075 1484 1165 1506 axes
1195 1479 1413 1506 curvaturas
1443 1472 1607 1518 praebet,
1637 1485 1791 1519 quarum
1821 1472 1972 1506 alterius

76 1549 161 1583 pars
190 1547 355 1570 concava
383 1534 427 1569 ad
459 1548 590 1569 cavum
621 1536 734 1570 cranii
759 1535 927 1578 vertitur,
958 1535 1075 1569 altera
1103 1534 1278 1569 deorsum
1309 1536 1386 1570 abit
1415 1542 1451 1570 et
1479 1537 1695 1582 praesertim
1726 1537 1761 1570 in
1790 1536 1864 1570 fine
1895 1549 1974 1583 per—

77 1599 200 1645 spicue
230 1610 409 1645 expressa
445 1606 509 1633 est.
566 1599 713 1633 lnitium
755 1599 907 1646 capiens
944 1613 964 1633 a
1001 1599 1219 1633 dilatatione
1262 1599 1504 1646 ampullacea,
1545 1600 1730 1635 vestibulo
1768 1613 1832 1634 seu
1868 1606 1972 1646 parte

76 1663 305 1698 vestibulari.
346 1663 382 1697 in
412 1662 611 1697 rotundam
640 1663 815 1697 cochleae
851 1669 994 1709 partem
1028 1663 1172 1706 transit,
1215 1664 1318 1709 cujus
1354 1664 1480 1698 lumen
1515 1664 1585 1699 nisi
1615 1663 1714 1710 quod
1743 1664 1779 1698 in
1810 1664 1883 1698 fine
1913 1664 1974 1698 ali-

78 1734 254 1775 quantum
284 1726 478 1761 dilatatum
507 1733 572 1765 est.
600 1726 736 1773 ubique
767 1727 923 1762 eandem
955 1728 1216 1762 extensionem
1247 1727 1410 1774 praebet.
1458 1727 1621 1763 Cochlea
1650 1741 1758 1763 ossea
1787 1727 1879 1762 dura
1908 1734 1976 1773 est,

75 1792 111 1826 in
143 1791 345 1838 spongiosa
375 1791 468 1825 ossis
497 1791 705 1825 substantia
744 1791 931 1837 imposita,
974 1791 1275 1837 vestibulumque
1312 1804 1379 1838 per
1414 1792 1485 1826 tria
1526 1792 1710 1826 foramina
1751 1805 1834 1826 cum
1875 1792 1980 1831 locis,

79 1855 258 1902 proximis
287 1855 535 1902 conjungitur.
574 1854 629 1888 Ex
650 1867 737 1888 aure
759 1854 882 1889 media
911 1856 1080 1890 foramen
1112 1855 1218 1890 ovale
1248 1855 1446 1890 columella
1474 1856 1641 1891 clausum
1669 1856 1741 1890 fert
1775 1856 1811 1890 in
1840 1856 1974 1890 atrium

79 1919 174 1954 infra
202 1919 300 1965 quod
327 1931 372 1953 ex
411 1919 527 1953 altera
569 1926 671 1965 parte
711 1919 822 1953 situm
869 1920 1038 1954 toramen
1082 1918 1285 1953 rotundum
1323 1920 1421 1954 inter
1456 1920 1578 1955 antica
1612 1919 1976 1966 perpendicularium

79 1996 229 2018 arcuum
259 1996 365 2018 crura
393 1983 438 2018 ad
468 1983 707 2030 spongiosam
738 1983 833 2018 ossis
862 1983 1110 2018 substantiam
1140 1984 1192 2020 cis
1221 1983 1491 2018 circumdatam
1521 1984 1631 2019 ducit.
1687 1983 1882 2018 Postremo
1912 1996 1978 2030 per

78 2047 246 2082 foramen
277 2048 503 2082 vestibulare
532 2047 716 2093 ampullae
747 2060 899 2082 arcuum
937 2059 1020 2081 cum
1058 2046 1152 2081 atrio
1182 2047 1472 2094 conjunguntur.
1529 2048 1671 2082 Atrium
1702 2060 1723 2081 a
1751 2054 1855 2094 parte
1883 2048 1979 2081 fora-

81 2111 190 2145 minis
228 2112 346 2146 ovalis
388 2112 589 2158 aperientis
630 2112 842 2146 invenimus
884 2112 1033 2146 cristam
1078 2124 1237 2155 osseam,
1280 2124 1374 2158 quae
1411 2113 1535 2160 paullo
1566 2111 1719 2146 dilatata
1749 2124 1769 2145 a
1796 2112 1979 2146 foramine

80 2175 242 2210 rotundo
267 2175 448 2222 incipiens
477 2175 636 2221 pertinet
664 2175 709 2209 ad
740 2175 931 2209 cochleam
960 2176 1299 2220 membranaceam,
1328 2176 1425 2211 infra
1452 2177 1622 2211 foramen
1653 2175 1760 2210 ovale
1790 2187 1904 2221 usque
1934 2174 1979 2208 ad

83 2245 224 2285 partem
265 2239 498 2274 cochlearem
541 2238 710 2285 procedit
751 2245 787 2273 et
826 2239 862 2273 in
904 2239 1009 2274 initio
1051 2240 1176 2286 paullo
1219 2240 1415 2276 dilatatum
1458 2241 1551 2276 ossis
1592 2240 1724 2286 parieti
1772 2238 1979 2273 adhaerens

85 2301 229 2337 desinit.

252 2365 299 2401 Et
326 2367 553 2401 vestibulum
582 2374 617 2401 et
645 2380 730 2414 pars
759 2367 966 2402 cochlearis
1004 2367 1192 2414 periosteo
1222 2368 1336 2411 tenui,
1373 2367 1559 2415 pellucido
1589 2367 1724 2402 vestita
1755 2373 1850 2411 sunt,
1881 2366 1980 2413 quod

86 2429 261 2477 epithelio
291 2443 432 2474 carens,
461 2431 491 2465 si
512 2431 759 2478 microscopio
782 2431 1051 2476 examinamus,
1082 2432 1339 2467 membranam
1368 2432 1630 2479 cognoscimus
1658 2430 1817 2465 lucidam
1847 2430 1980 2465 nucleo

87 2493 290 2541 praeditam
322 2494 450 2529 eadem
480 2496 610 2539 forma,
648 2508 720 2542 qua
755 2495 984 2542 periosteum
1022 2508 1103 2531 esse
1132 2495 1285 2531 Hensen
1314 2497 1350 2531 in
1380 2496 1654 2539 dissertatione,
1684 2508 1776 2542 quae
1806 2495 1982 2540 inscripta

88 2557 159 2593 est!
214 2556 309 2599 „Zur
337 2557 597 2606 Morphologie
634 2559 700 2594 der
728 2558 922 2594 Sclmeeke
960 2559 1026 2594 des
1055 2559 1259 2596 Menschen
1296 2560 1371 2595 und
1401 2560 1467 2594 der
1495 2559 1763 2606 &augethifflw
1808 2558 1982 2593 ostendit..

89 2620 209 2657 Crista
237 2621 314 2657 sive
344 2621 516 2657 bacillum
555 2636 705 2658 osseum
742 2635 853 2669 supra
881 2622 1021 2658 dictum
1058 2624 1094 2658 in
1131 2624 1365 2671 duplicatura
1394 2625 1472 2671 ejus
1500 2623 1682 2658 inclusum
1714 2636 1795 2658 esse
1826 2622 1983 2657 videtur.
