<?xml version="1.0" encoding="UTF-8"?>
<!DOCTYPE html PUBLIC "-//W3C//DTD XHTML 1.0 Transitional//EN"
    "http://www.w3.org/TR/xhtml1/DTD/xhtml1-transitional.dtd">
<html xmlns="http://www.w3.org/1999/xhtml" xml:lang="en" lang="en">
 <head>
  <title>
</title>
<meta http-equiv="Content-Type" content="text/html;charset=utf-8" />
  <meta name='ocr-system' content='tesseract 3.04.00' />
  <meta name='ocr-capabilities' content='ocr_page ocr_carea ocr_par ocr_line ocrx_word'/>
</head>
<body>
  <div class='ocr_page' id='page_1' title='image "./decochleaaviumdi00hass_0027.png"; bbox 0 0 2141 2777; ppageno 0'>
   <div class='ocr_carea' id='block_1_1' title="bbox 1023 48 1070 81">
    <p class='ocr_par' dir='ltr' id='par_1_1' title="bbox 1023 48 1070 81">
     <span class='ocr_line' id='line_1_1' title="bbox 1023 48 1070 81; baseline 0 0"><span class='ocrx_word' id='word_1_1' title='bbox 1023 48 1070 81; x_wconf 87' lang='grc'>13</span> 
     </span>
    </p>
   </div>
   <div class='ocr_carea' id='block_1_2' title="bbox 105 157 1998 209">
    <p class='ocr_par' dir='ltr' id='par_1_2' title="bbox 105 157 1998 209">
     <span class='ocr_line' id='line_1_2' title="bbox 105 157 1998 209; baseline -0.002 -13"><span class='ocrx_word' id='word_1_2' title='bbox 105 173 176 209; x_wconf 87' lang='lat' dir='ltr'>per</span> <span class='ocrx_word' id='word_1_3' title='bbox 209 162 306 196; x_wconf 88' lang='lat' dir='ltr'>latus</span> <span class='ocrx_word' id='word_1_4' title='bbox 339 160 496 207; x_wconf 85' lang='lat' dir='ltr'>lagenae</span> <span class='ocrx_word' id='word_1_5' title='bbox 531 158 811 205; x_wconf 85' lang='lat' dir='ltr'>cartilagineum</span> <span class='ocrx_word' id='word_1_6' title='bbox 840 158 1002 204; x_wconf 80' lang='lat' dir='ltr'>pellucet</span> <span class='ocrx_word' id='word_1_7' title='bbox 1043 162 1079 191; x_wconf 88' lang='lat' dir='ltr'>et</span> <span class='ocrx_word' id='word_1_8' title='bbox 1119 157 1278 191; x_wconf 86' lang='lat' dir='ltr'>formam</span> <span class='ocrx_word' id='word_1_9' title='bbox 1321 157 1476 203; x_wconf 78' lang='lat' dir='ltr'>praebet</span> <span class='ocrx_word' id='word_1_10' title='bbox 1524 157 1648 192; x_wconf 84' lang='lat' dir='ltr'>soleae</span> <span class='ocrx_word' id='word_1_11' title='bbox 1689 158 1843 200; x_wconf 84' lang='lat' dir='ltr'>ferreae,</span> <span class='ocrx_word' id='word_1_12' title='bbox 1890 169 1998 204; x_wconf 87' lang='lat' dir='ltr'>quam</span> 
     </span>
    </p>
   </div>
   <div class='ocr_carea' id='block_1_3' title="bbox 101 219 2000 332">
    <p class='ocr_par' dir='ltr' id='par_1_3' title="bbox 101 219 2000 332">
     <span class='ocr_line' id='line_1_3' title="bbox 101 219 1508 267; baseline -0.004 -7"><span class='ocrx_word' id='word_1_13' title='bbox 101 237 284 260; x_wconf 82' lang='lat' dir='ltr'>vocamus</span> <span class='ocrx_word' id='word_1_14' title='bbox 311 223 504 267; x_wconf 86' lang='lat' dir='ltr'>Hufeisen,</span> <span class='ocrx_word' id='word_1_15' title='bbox 531 223 568 257; x_wconf 88' lang='lat' dir='ltr'>in</span> <span class='ocrx_word' id='word_1_16' title='bbox 597 222 678 257; x_wconf 88' lang='lat' dir='ltr'>aliis</span> <span class='ocrx_word' id='word_1_17' title='bbox 706 221 837 256; x_wconf 87' lang='lat' dir='ltr'>avibus</span> <span class='ocrx_word' id='word_1_18' title='bbox 866 221 938 255; x_wconf 85' lang='lat' dir='ltr'>alia</span> <span class='ocrx_word' id='word_1_19' title='bbox 965 219 1211 254; x_wconf 80' lang='lat' dir='ltr'>crassitudine</span> <span class='ocrx_word' id='word_1_20' title='bbox 1241 225 1277 255; x_wconf 88' lang='lat' dir='ltr'>et</span> <span class='ocrx_word' id='word_1_21' title='bbox 1303 219 1508 255; x_wconf 82' lang='lat' dir='ltr'>altitudine.</span> 
     </span>
     <span class='ocr_line' id='line_1_4' title="bbox 273 283 2000 332; baseline -0.002 -10"><span class='ocrx_word' id='word_1_22' title='bbox 273 287 357 322; x_wconf 76' lang='lat' dir='ltr'>Jam</span> <span class='ocrx_word' id='word_1_23' title='bbox 400 299 491 322; x_wconf 89' lang='lat' dir='ltr'>vero</span> <span class='ocrx_word' id='word_1_24' title='bbox 532 286 637 320; x_wconf 90' lang='lat' dir='ltr'>nervi</span> <span class='ocrx_word' id='word_1_25' title='bbox 679 286 715 320; x_wconf 91' lang='lat' dir='ltr'>in</span> <span class='ocrx_word' id='word_1_26' title='bbox 757 285 888 332; x_wconf 81' lang='lat' dir='ltr'>lagena</span> <span class='ocrx_word' id='word_1_27' title='bbox 931 284 982 318; x_wconf 91' lang='lat' dir='ltr'>sic</span> <span class='ocrx_word' id='word_1_28' title='bbox 1016 283 1127 330; x_wconf 90' lang='lat' dir='ltr'>positi</span> <span class='ocrx_word' id='word_1_29' title='bbox 1164 289 1259 317; x_wconf 89' lang='lat' dir='ltr'>sunt.</span> <span class='ocrx_word' id='word_1_30' title='bbox 1315 284 1513 318; x_wconf 85' lang='lat' dir='ltr'>Acusticus</span> <span class='ocrx_word' id='word_1_31' title='bbox 1558 289 1755 329; x_wconf 80' lang='lat' dir='ltr'>postquam</span> <span class='ocrx_word' id='word_1_32' title='bbox 1786 291 1826 318; x_wconf 89' lang='lat' dir='ltr'>ut</span> <span class='ocrx_word' id='word_1_33' title='bbox 1854 295 2000 319; x_wconf 88' lang='lat' dir='ltr'>crassus</span> 
     </span>
    </p>
   </div>
   <div class='ocr_carea' id='block_1_4' title="bbox 45 346 1999 2628">
    <p class='ocr_par' dir='ltr' id='par_1_4' title="bbox 98 346 1999 971">
     <span class='ocr_line' id='line_1_5' title="bbox 102 346 1999 394; baseline -0.002 -8"><span class='ocrx_word' id='word_1_34' title='bbox 102 363 305 386; x_wconf 90' lang='lat' dir='ltr'>nervorum</span> <span class='ocrx_word' id='word_1_35' title='bbox 334 350 533 386; x_wconf 88' lang='lat' dir='ltr'>fasciculus</span> <span class='ocrx_word' id='word_1_36' title='bbox 562 350 597 384; x_wconf 93' lang='lat' dir='ltr'>in</span> <span class='ocrx_word' id='word_1_37' title='bbox 625 349 769 383; x_wconf 89' lang='lat' dir='ltr'>initium</span> <span class='ocrx_word' id='word_1_38' title='bbox 800 348 954 394; x_wconf 65' lang='lat' dir='ltr'>lagenae</span> <span class='ocrx_word' id='word_1_39' title='bbox 984 346 1146 388; x_wconf 77' lang='lat' dir='ltr'>incessit,</span> <span class='ocrx_word' id='word_1_40' title='bbox 1182 358 1271 380; x_wconf 85' lang='lat' dir='ltr'>mox</span> <span class='ocrx_word' id='word_1_41' title='bbox 1300 346 1336 381; x_wconf 91' lang='lat' dir='ltr'>in</span> <span class='ocrx_word' id='word_1_42' title='bbox 1368 347 1494 393; x_wconf 82' lang='lat' dir='ltr'>plures</span> <span class='ocrx_word' id='word_1_43' title='bbox 1522 347 1721 381; x_wconf 88' lang='lat' dir='ltr'>fasciculos</span> <span class='ocrx_word' id='word_1_44' title='bbox 1749 346 1925 382; x_wconf 87' lang='lat' dir='ltr'>dividitur</span> <span class='ocrx_word' id='word_1_45' title='bbox 1953 347 1999 382; x_wconf 87' lang='lat' dir='ltr'>ad</span> 
     </span>
     <span class='ocr_line' id='line_1_6' title="bbox 101 410 1997 460; baseline -0.002 -10"><span class='ocrx_word' id='word_1_46' title='bbox 101 414 257 450; x_wconf 83' lang='lat' dir='ltr'>fundum</span> <span class='ocrx_word' id='word_1_47' title='bbox 293 414 477 458; x_wconf 84' lang='lat' dir='ltr'>radiatos3</span> <span class='ocrx_word' id='word_1_48' title='bbox 518 413 578 460; x_wconf 91' lang='lat' dir='ltr'>qui</span> <span class='ocrx_word' id='word_1_49' title='bbox 616 419 651 447; x_wconf 89' lang='lat' dir='ltr'>et</span> <span class='ocrx_word' id='word_1_50' title='bbox 688 413 756 459; x_wconf 89' lang='lat' dir='ltr'>ipsi</span> <span class='ocrx_word' id='word_1_51' title='bbox 794 412 964 446; x_wconf 81' lang='lat' dir='ltr'>celeriter</span> <span class='ocrx_word' id='word_1_52' title='bbox 999 411 1035 445; x_wconf 88' lang='lat' dir='ltr'>in</span> <span class='ocrx_word' id='word_1_53' title='bbox 1065 411 1230 445; x_wconf 88' lang='lat' dir='ltr'>minores</span> <span class='ocrx_word' id='word_1_54' title='bbox 1257 410 1409 457; x_wconf 80' lang='lat' dir='ltr'>paribus</span> <span class='ocrx_word' id='word_1_55' title='bbox 1438 412 1515 445; x_wconf 84' lang='lat' dir='ltr'>fere</span> <span class='ocrx_word' id='word_1_56' title='bbox 1542 410 1747 445; x_wconf 74' lang='lat' dir='ltr'>intervallis</span> <span class='ocrx_word' id='word_1_57' title='bbox 1776 411 1922 458; x_wconf 84' lang='lat' dir='ltr'>oblique</span> <span class='ocrx_word' id='word_1_58' title='bbox 1952 411 1997 446; x_wconf 85' lang='lat' dir='ltr'>ad</span> 
     </span>
     <span class='ocr_line' id='line_1_7' title="bbox 100 473 1995 525; baseline -0.002 -12"><span class='ocrx_word' id='word_1_59' title='bbox 100 479 224 513; x_wconf 87' lang='lat' dir='ltr'>lumen</span> <span class='ocrx_word' id='word_1_60' title='bbox 255 479 412 525; x_wconf 80' lang='lat' dir='ltr'>lagenae.</span> <span class='ocrx_word' id='word_1_61' title='bbox 440 477 604 511; x_wconf 86' lang='lat' dir='ltr'>radiatos</span> <span class='ocrx_word' id='word_1_62' title='bbox 633 476 859 511; x_wconf 85' lang='lat' dir='ltr'>dividuntur.</span> <span class='ocrx_word' id='word_1_63' title='bbox 914 473 1084 509; x_wconf 84' lang='lat' dir='ltr'>Fundum</span> <span class='ocrx_word' id='word_1_64' title='bbox 1114 480 1237 508; x_wconf 88' lang='lat' dir='ltr'>autem</span> <span class='ocrx_word' id='word_1_65' title='bbox 1266 474 1316 508; x_wconf 87' lang='lat' dir='ltr'>ita</span> <span class='ocrx_word' id='word_1_66' title='bbox 1346 475 1622 521; x_wconf 82' lang='lat' dir='ltr'>amplectuntur</span> <span class='ocrx_word' id='word_1_67' title='bbox 1650 480 1690 508; x_wconf 88' lang='lat' dir='ltr'>ut</span> <span class='ocrx_word' id='word_1_68' title='bbox 1718 474 1752 508; x_wconf 90' lang='lat' dir='ltr'>in</span> <span class='ocrx_word' id='word_1_69' title='bbox 1782 475 1995 510; x_wconf 87' lang='lat' dir='ltr'>interiorem</span> 
     </span>
     <span class='ocr_line' id='line_1_8' title="bbox 102 538 1996 589; baseline -0.001 -14"><span class='ocrx_word' id='word_1_70' title='bbox 102 543 180 589; x_wconf 77' lang='lat' dir='ltr'>ejus</span> <span class='ocrx_word' id='word_1_71' title='bbox 216 547 358 589; x_wconf 87' lang='lat' dir='ltr'>partem</span> <span class='ocrx_word' id='word_1_72' title='bbox 400 554 525 575; x_wconf 88' lang='lat' dir='ltr'>ramos</span> <span class='ocrx_word' id='word_1_73' title='bbox 568 553 643 574; x_wconf 91' lang='lat' dir='ltr'>non</span> <span class='ocrx_word' id='word_1_74' title='bbox 686 540 884 580; x_wconf 78' lang='lat' dir='ltr'>dimittant,</span> <span class='ocrx_word' id='word_1_75' title='bbox 927 539 962 573; x_wconf 93' lang='lat' dir='ltr'>in</span> <span class='ocrx_word' id='word_1_76' title='bbox 1001 544 1099 572; x_wconf 79' lang='lat' dir='ltr'>tecto</span> <span class='ocrx_word' id='word_1_77' title='bbox 1130 544 1254 572; x_wconf 85' lang='lat' dir='ltr'>autem</span> <span class='ocrx_word' id='word_1_78' title='bbox 1284 538 1329 572; x_wconf 82' lang='lat' dir='ltr'>ad</span> <span class='ocrx_word' id='word_1_79' title='bbox 1360 539 1574 573; x_wconf 87' lang='lat' dir='ltr'>interiorem</span> <span class='ocrx_word' id='word_1_80' title='bbox 1602 538 1828 585; x_wconf 78' lang='lat' dir='ltr'>cartilaginis</span> <span class='ocrx_word' id='word_1_81' title='bbox 1857 545 1996 585; x_wconf 84' lang='lat' dir='ltr'>partem</span> 
     </span>
     <span class='ocr_line' id='line_1_9' title="bbox 100 601 1998 651; baseline -0.002 -10"><span class='ocrx_word' id='word_1_82' title='bbox 100 606 302 641; x_wconf 76' lang='lat' dir='ltr'>radientur.</span> <span class='ocrx_word' id='word_1_83' title='bbox 358 605 396 640; x_wconf 90' lang='lat' dir='ltr'>ln</span> <span class='ocrx_word' id='word_1_84' title='bbox 428 604 625 651; x_wconf 78' lang='lat' dir='ltr'>superficie</span> <span class='ocrx_word' id='word_1_85' title='bbox 660 604 752 639; x_wconf 86' lang='lat' dir='ltr'>haec</span> <span class='ocrx_word' id='word_1_86' title='bbox 788 602 1045 637; x_wconf 85' lang='lat' dir='ltr'>animadverti.</span> <span class='ocrx_word' id='word_1_87' title='bbox 1099 601 1247 635; x_wconf 81' lang='lat' dir='ltr'>Tenues</span> <span class='ocrx_word' id='word_1_88' title='bbox 1288 614 1491 636; x_wconf 82' lang='lat' dir='ltr'>nervorum</span> <span class='ocrx_word' id='word_1_89' title='bbox 1535 601 1693 636; x_wconf 85' lang='lat' dir='ltr'>fibrillae</span> <span class='ocrx_word' id='word_1_90' title='bbox 1728 601 1823 636; x_wconf 82' lang='lat' dir='ltr'>inter</span> <span class='ocrx_word' id='word_1_91' title='bbox 1857 602 1998 645; x_wconf 82' lang='lat' dir='ltr'>dentes,</span> 
     </span>
     <span class='ocr_line' id='line_1_10' title="bbox 101 664 1997 716; baseline -0.002 -12"><span class='ocrx_word' id='word_1_92' title='bbox 101 669 319 716; x_wconf 88' lang='lat' dir='ltr'>quibuscum</span> <span class='ocrx_word' id='word_1_93' title='bbox 349 681 424 703; x_wconf 89' lang='lat' dir='ltr'>non</span> <span class='ocrx_word' id='word_1_94' title='bbox 454 669 743 714; x_wconf 77' lang='lat' dir='ltr'>conjunguntur,</span> <span class='ocrx_word' id='word_1_95' title='bbox 773 666 818 701; x_wconf 84' lang='lat' dir='ltr'>ad</span> <span class='ocrx_word' id='word_1_96' title='bbox 847 666 994 701; x_wconf 87' lang='lat' dir='ltr'>infimas</span> <span class='ocrx_word' id='word_1_97' title='bbox 1023 665 1238 700; x_wconf 81' lang='lat' dir='ltr'>cellularum</span> <span class='ocrx_word' id='word_1_98' title='bbox 1269 665 1500 700; x_wconf 84' lang='lat' dir='ltr'>bacillarium</span> <span class='ocrx_word' id='word_1_99' title='bbox 1522 671 1646 712; x_wconf 86' lang='lat' dir='ltr'>partes</span> <span class='ocrx_word' id='word_1_100' title='bbox 1667 664 1859 700; x_wconf 86' lang='lat' dir='ltr'>accedunt.</span> <span class='ocrx_word' id='word_1_101' title='bbox 1901 665 1997 701; x_wconf 78' lang='lat' dir='ltr'>Non-</span> 
     </span>
     <span class='ocr_line' id='line_1_11' title="bbox 100 728 1997 780; baseline -0.002 -13"><span class='ocrx_word' id='word_1_102' title='bbox 100 733 187 768; x_wconf 87' lang='lat' dir='ltr'>dum</span> <span class='ocrx_word' id='word_1_103' title='bbox 231 731 378 780; x_wconf 87' lang='lat' dir='ltr'>quidem</span> <span class='ocrx_word' id='word_1_104' title='bbox 420 731 592 766; x_wconf 86' lang='lat' dir='ltr'>fibrillam</span> <span class='ocrx_word' id='word_1_105' title='bbox 625 744 646 766; x_wconf 88' lang='lat' dir='ltr'>a</span> <span class='ocrx_word' id='word_1_106' title='bbox 675 731 806 766; x_wconf 85' lang='lat' dir='ltr'>cellula</span> <span class='ocrx_word' id='word_1_107' title='bbox 839 730 1030 764; x_wconf 80' lang='lat' dir='ltr'>bacillaria</span> <span class='ocrx_word' id='word_1_108' title='bbox 1067 741 1181 776; x_wconf 86' lang='lat' dir='ltr'>usque</span> <span class='ocrx_word' id='word_1_109' title='bbox 1211 728 1256 763; x_wconf 89' lang='lat' dir='ltr'>ad</span> <span class='ocrx_word' id='word_1_110' title='bbox 1287 730 1542 775; x_wconf 65' lang='lat' dir='ltr'>cartilaginem</span> <span class='ocrx_word' id='word_1_111' title='bbox 1587 729 1757 776; x_wconf 77' lang='lat' dir='ltr'>persequi</span> <span class='ocrx_word' id='word_1_112' title='bbox 1799 730 1997 775; x_wconf 80' lang='lat' dir='ltr'>potuimus,</span> 
     </span>
     <span class='ocr_line' id='line_1_12' title="bbox 99 792 1997 843; baseline -0.002 -12"><span class='ocrx_word' id='word_1_113' title='bbox 99 803 225 831; x_wconf 88' lang='lat' dir='ltr'>tamen</span> <span class='ocrx_word' id='word_1_114' title='bbox 254 796 436 843; x_wconf 78' lang='lat' dir='ltr'>imagines</span> <span class='ocrx_word' id='word_1_115' title='bbox 465 795 626 830; x_wconf 88' lang='lat' dir='ltr'>vidimus</span> <span class='ocrx_word' id='word_1_116' title='bbox 655 795 755 836; x_wconf 86' lang='lat' dir='ltr'>alias,</span> <span class='ocrx_word' id='word_1_117' title='bbox 793 795 828 828; x_wconf 91' lang='lat' dir='ltr'>in</span> <span class='ocrx_word' id='word_1_118' title='bbox 856 793 988 841; x_wconf 84' lang='lat' dir='ltr'>quibus</span> <span class='ocrx_word' id='word_1_119' title='bbox 1017 793 1119 827; x_wconf 86' lang='lat' dir='ltr'>filum</span> <span class='ocrx_word' id='word_1_120' title='bbox 1149 805 1169 827; x_wconf 85' lang='lat' dir='ltr'>a</span> <span class='ocrx_word' id='word_1_121' title='bbox 1198 793 1329 827; x_wconf 88' lang='lat' dir='ltr'>cellula</span> <span class='ocrx_word' id='word_1_122' title='bbox 1359 806 1476 840; x_wconf 87' lang='lat' dir='ltr'>usque</span> <span class='ocrx_word' id='word_1_123' title='bbox 1505 793 1550 828; x_wconf 87' lang='lat' dir='ltr'>ad</span> <span class='ocrx_word' id='word_1_124' title='bbox 1590 792 1821 828; x_wconf 79' lang='lat' dir='ltr'>altitudinem</span> <span class='ocrx_word' id='word_1_125' title='bbox 1852 794 1997 828; x_wconf 73' lang='lat' dir='ltr'>nucleo-</span> 
     </span>
     <span class='ocr_line' id='line_1_13' title="bbox 98 856 1997 906; baseline -0.002 -11"><span class='ocrx_word' id='word_1_126' title='bbox 98 873 180 896; x_wconf 88' lang='lat' dir='ltr'>rum</span> <span class='ocrx_word' id='word_1_127' title='bbox 205 860 372 895; x_wconf 88' lang='lat' dir='ltr'>dentium</span> <span class='ocrx_word' id='word_1_128' title='bbox 398 859 590 906; x_wconf 81' lang='lat' dir='ltr'>processit,</span> <span class='ocrx_word' id='word_1_129' title='bbox 619 858 720 902; x_wconf 84' lang='lat' dir='ltr'>alias,</span> <span class='ocrx_word' id='word_1_130' title='bbox 746 858 781 892; x_wconf 90' lang='lat' dir='ltr'>in</span> <span class='ocrx_word' id='word_1_131' title='bbox 811 857 944 904; x_wconf 89' lang='lat' dir='ltr'>quibus</span> <span class='ocrx_word' id='word_1_132' title='bbox 972 856 1127 891; x_wconf 87' lang='lat' dir='ltr'>fibrillas</span> <span class='ocrx_word' id='word_1_133' title='bbox 1154 869 1264 903; x_wconf 85' lang='lat' dir='ltr'>supra</span> <span class='ocrx_word' id='word_1_134' title='bbox 1294 857 1531 904; x_wconf 84' lang='lat' dir='ltr'>cartilagines</span> <span class='ocrx_word' id='word_1_135' title='bbox 1560 857 1676 891; x_wconf 88' lang='lat' dir='ltr'>libere</span> <span class='ocrx_word' id='word_1_136' title='bbox 1705 857 1997 904; x_wconf 79' lang='lat' dir='ltr'>prominuerunt,</span> 
     </span>
     <span class='ocr_line' id='line_1_14' title="bbox 100 920 1328 971; baseline -0.003 -12"><span class='ocrx_word' id='word_1_137' title='bbox 100 936 221 971; x_wconf 88' lang='lat' dir='ltr'>neque</span> <span class='ocrx_word' id='word_1_138' title='bbox 250 930 375 958; x_wconf 85' lang='lat' dir='ltr'>tamen</span> <span class='ocrx_word' id='word_1_139' title='bbox 406 922 513 957; x_wconf 88' lang='lat' dir='ltr'>divisi</span> <span class='ocrx_word' id='word_1_140' title='bbox 543 922 693 956; x_wconf 87' lang='lat' dir='ltr'>fuerunt</span> <span class='ocrx_word' id='word_1_141' title='bbox 721 921 780 956; x_wconf 85' lang='lat' dir='ltr'>vel</span> <span class='ocrx_word' id='word_1_142' title='bbox 811 933 891 955; x_wconf 88' lang='lat' dir='ltr'>cum</span> <span class='ocrx_word' id='word_1_143' title='bbox 923 920 1097 955; x_wconf 81' lang='lat' dir='ltr'>dentibus</span> <span class='ocrx_word' id='word_1_144' title='bbox 1128 921 1328 967; x_wconf 84' lang='lat' dir='ltr'>conjuncti.</span> 
     </span>
    </p>

    <p class='ocr_par' dir='ltr' id='par_1_5' title="bbox 97 984 1997 1352">
     <span class='ocr_line' id='line_1_15' title="bbox 268 984 1996 1030; baseline -0.001 -9"><span class='ocrx_word' id='word_1_145' title='bbox 268 986 371 1030; x_wconf 86' lang='lat' dir='ltr'>Quae</span> <span class='ocrx_word' id='word_1_146' title='bbox 400 999 483 1021; x_wconf 90' lang='lat' dir='ltr'>cum</span> <span class='ocrx_word' id='word_1_147' title='bbox 513 986 563 1020; x_wconf 90' lang='lat' dir='ltr'>ita</span> <span class='ocrx_word' id='word_1_148' title='bbox 586 986 670 1029; x_wconf 84' lang='lat' dir='ltr'>sint,</span> <span class='ocrx_word' id='word_1_149' title='bbox 717 985 752 1019; x_wconf 90' lang='lat' dir='ltr'>in</span> <span class='ocrx_word' id='word_1_150' title='bbox 791 985 942 1019; x_wconf 82' lang='lat' dir='ltr'>cochlea</span> <span class='ocrx_word' id='word_1_151' title='bbox 979 984 1101 1018; x_wconf 86' lang='lat' dir='ltr'>avium</span> <span class='ocrx_word' id='word_1_152' title='bbox 1140 984 1235 1019; x_wconf 84' lang='lat' dir='ltr'>fines</span> <span class='ocrx_word' id='word_1_153' title='bbox 1271 997 1474 1019; x_wconf 69' lang='lat' dir='ltr'>nervorum</span> <span class='ocrx_word' id='word_1_154' title='bbox 1510 984 1780 1020; x_wconf 82' lang='lat' dir='ltr'>auditoriorum</span> <span class='ocrx_word' id='word_1_155' title='bbox 1811 985 1996 1020; x_wconf 79' lang='lat' dir='ltr'>invenisse</span> 
     </span>
     <span class='ocr_line' id='line_1_16' title="bbox 98 1048 1996 1096; baseline -0.001 -10"><span class='ocrx_word' id='word_1_156' title='bbox 98 1051 209 1086; x_wconf 88' lang='lat' dir='ltr'>nobis</span> <span class='ocrx_word' id='word_1_157' title='bbox 236 1050 418 1093; x_wconf 86' lang='lat' dir='ltr'>videmur,</span> <span class='ocrx_word' id='word_1_158' title='bbox 458 1062 580 1096; x_wconf 87' lang='lat' dir='ltr'>neque</span> <span class='ocrx_word' id='word_1_159' title='bbox 609 1049 737 1096; x_wconf 86' lang='lat' dir='ltr'>paucis</span> <span class='ocrx_word' id='word_1_160' title='bbox 767 1049 1008 1096; x_wconf 75' lang='lat' dir='ltr'>argumentis,</span> <span class='ocrx_word' id='word_1_161' title='bbox 1047 1061 1140 1094; x_wconf 87' lang='lat' dir='ltr'>quae</span> <span class='ocrx_word' id='word_1_162' title='bbox 1170 1048 1284 1082; x_wconf 91' lang='lat' dir='ltr'>modo</span> <span class='ocrx_word' id='word_1_163' title='bbox 1313 1049 1560 1095; x_wconf 84' lang='lat' dir='ltr'>proferemus,</span> <span class='ocrx_word' id='word_1_164' title='bbox 1602 1055 1641 1084; x_wconf 89' lang='lat' dir='ltr'>ut</span> <span class='ocrx_word' id='word_1_165' title='bbox 1670 1049 1824 1083; x_wconf 86' lang='lat' dir='ltr'>eandem</span> <span class='ocrx_word' id='word_1_166' title='bbox 1856 1062 1932 1084; x_wconf 83' lang='lat' dir='ltr'>rem</span> <span class='ocrx_word' id='word_1_167' title='bbox 1963 1051 1996 1085; x_wconf 87' lang='lat' dir='ltr'>in</span> 
     </span>
     <span class='ocr_line' id='line_1_17' title="bbox 98 1111 1996 1160; baseline -0.001 -10"><span class='ocrx_word' id='word_1_168' title='bbox 98 1114 241 1150; x_wconf 88' lang='lat' dir='ltr'>cellulis</span> <span class='ocrx_word' id='word_1_169' title='bbox 268 1114 467 1148; x_wconf 85' lang='lat' dir='ltr'>bacillariis</span> <span class='ocrx_word' id='word_1_170' title='bbox 493 1113 747 1147; x_wconf 87' lang='lat' dir='ltr'>mammalium</span> <span class='ocrx_word' id='word_1_171' title='bbox 779 1113 934 1147; x_wconf 86' lang='lat' dir='ltr'>inveniri</span> <span class='ocrx_word' id='word_1_172' title='bbox 956 1118 1140 1158; x_wconf 82' lang='lat' dir='ltr'>putemus,</span> <span class='ocrx_word' id='word_1_173' title='bbox 1171 1125 1466 1147; x_wconf 81' lang='lat' dir='ltr'>commovemur.</span> <span class='ocrx_word' id='word_1_174' title='bbox 1503 1111 1679 1160; x_wconf 79' lang='lat' dir='ltr'>Singulae</span> <span class='ocrx_word' id='word_1_175' title='bbox 1705 1113 1801 1147; x_wconf 82' lang='lat' dir='ltr'>enirn</span> <span class='ocrx_word' id='word_1_176' title='bbox 1823 1114 1996 1148; x_wconf 77' lang='lat' dir='ltr'>cochleae</span> 
     </span>
     <span class='ocr_line' id='line_1_18' title="bbox 99 1176 1995 1224; baseline -0.001 -11"><span class='ocrx_word' id='word_1_177' title='bbox 99 1179 223 1214; x_wconf 87' lang='lat' dir='ltr'>avium</span> <span class='ocrx_word' id='word_1_178' title='bbox 252 1184 377 1224; x_wconf 83' lang='lat' dir='ltr'>partes</span> <span class='ocrx_word' id='word_1_179' title='bbox 406 1178 550 1212; x_wconf 86' lang='lat' dir='ltr'>ratione</span> <span class='ocrx_word' id='word_1_180' title='bbox 579 1177 771 1224; x_wconf 85' lang='lat' dir='ltr'>aptissima</span> <span class='ocrx_word' id='word_1_181' title='bbox 795 1189 915 1222; x_wconf 84' lang='lat' dir='ltr'>neque</span> <span class='ocrx_word' id='word_1_182' title='bbox 937 1189 957 1210; x_wconf 80' lang='lat' dir='ltr'>a</span> <span class='ocrx_word' id='word_1_183' title='bbox 977 1182 1111 1210; x_wconf 82' lang='lat' dir='ltr'>natura</span> <span class='ocrx_word' id='word_1_184' title='bbox 1138 1188 1261 1210; x_wconf 89' lang='lat' dir='ltr'>rerum</span> <span class='ocrx_word' id='word_1_185' title='bbox 1290 1177 1413 1210; x_wconf 85' lang='lat' dir='ltr'>aliena</span> <span class='ocrx_word' id='word_1_186' title='bbox 1441 1189 1523 1211; x_wconf 84' lang='lat' dir='ltr'>cuin</span> <span class='ocrx_word' id='word_1_187' title='bbox 1554 1176 1717 1211; x_wconf 79' lang='lat' dir='ltr'>cochleis</span> <span class='ocrx_word' id='word_1_188' title='bbox 1745 1178 1995 1212; x_wconf 86' lang='lat' dir='ltr'>mammalium</span> 
     </span>
     <span class='ocr_line' id='line_1_19' title="bbox 99 1240 1997 1288; baseline -0.001 -11"><span class='ocrx_word' id='word_1_189' title='bbox 99 1248 136 1277; x_wconf 88' lang='lat' dir='ltr'>et</span> <span class='ocrx_word' id='word_1_190' title='bbox 163 1242 325 1276; x_wconf 90' lang='lat' dir='ltr'>hominis</span> <span class='ocrx_word' id='word_1_191' title='bbox 355 1253 572 1288; x_wconf 86' lang='lat' dir='ltr'>comparare</span> <span class='ocrx_word' id='word_1_192' title='bbox 602 1253 813 1288; x_wconf 86' lang='lat' dir='ltr'>possumus,</span> <span class='ocrx_word' id='word_1_193' title='bbox 842 1252 962 1286; x_wconf 84' lang='lat' dir='ltr'>neque</span> <span class='ocrx_word' id='word_1_194' title='bbox 997 1240 1148 1274; x_wconf 75' lang='lat' dir='ltr'>difficile</span> <span class='ocrx_word' id='word_1_195' title='bbox 1184 1240 1474 1287; x_wconf 85' lang='lat' dir='ltr'>descriptionem</span> <span class='ocrx_word' id='word_1_196' title='bbox 1513 1253 1626 1287; x_wconf 90' lang='lat' dir='ltr'>supra</span> <span class='ocrx_word' id='word_1_197' title='bbox 1654 1241 1790 1275; x_wconf 83' lang='lat' dir='ltr'>factam</span> <span class='ocrx_word' id='word_1_198' title='bbox 1820 1242 1997 1275; x_wconf 85' lang='lat' dir='ltr'>memoria</span> 
     </span>
     <span class='ocr_line' id='line_1_20' title="bbox 97 1303 1484 1352; baseline -0.001 -12"><span class='ocrx_word' id='word_1_199' title='bbox 97 1312 270 1341; x_wconf 85' lang='lat' dir='ltr'>tenentes</span> <span class='ocrx_word' id='word_1_200' title='bbox 298 1305 476 1352; x_wconf 80' lang='lat' dir='ltr'>singulas,</span> <span class='ocrx_word' id='word_1_201' title='bbox 504 1318 595 1352; x_wconf 84' lang='lat' dir='ltr'>quas</span> <span class='ocrx_word' id='word_1_202' title='bbox 622 1305 719 1339; x_wconf 87' lang='lat' dir='ltr'>inter</span> <span class='ocrx_word' id='word_1_203' title='bbox 747 1317 785 1339; x_wconf 88' lang='lat' dir='ltr'>se</span> <span class='ocrx_word' id='word_1_204' title='bbox 813 1303 1054 1351; x_wconf 84' lang='lat' dir='ltr'>respondent,</span> <span class='ocrx_word' id='word_1_205' title='bbox 1083 1310 1208 1351; x_wconf 88' lang='lat' dir='ltr'>partes</span> <span class='ocrx_word' id='word_1_206' title='bbox 1238 1305 1484 1339; x_wconf 87' lang='lat' dir='ltr'>inveniemus.</span> 
     </span>
    </p>

    <p class='ocr_par' dir='ltr' id='par_1_6' title="bbox 45 1367 1997 2628">
     <span class='ocr_line' id='line_1_21' title="bbox 267 1367 1997 1415; baseline -0.001 -13"><span class='ocrx_word' id='word_1_207' title='bbox 267 1368 380 1403; x_wconf 83' lang='lat' dir='ltr'>Deest</span> <span class='ocrx_word' id='word_1_208' title='bbox 409 1368 557 1414; x_wconf 87' lang='lat' dir='ltr'>quidem</span> <span class='ocrx_word' id='word_1_209' title='bbox 587 1381 682 1402; x_wconf 83' lang='lat' dir='ltr'>zona</span> <span class='ocrx_word' id='word_1_210' title='bbox 712 1381 831 1412; x_wconf 87' lang='lat' dir='ltr'>ossea,</span> <span class='ocrx_word' id='word_1_211' title='bbox 872 1367 935 1403; x_wconf 83' lang='lat' dir='ltr'>sed</span> <span class='ocrx_word' id='word_1_212' title='bbox 973 1373 1054 1402; x_wconf 89' lang='lat' dir='ltr'>tota</span> <span class='ocrx_word' id='word_1_213' title='bbox 1087 1369 1269 1415; x_wconf 79' lang='lat' dir='ltr'>cartilago</span> <span class='ocrx_word' id='word_1_214' title='bbox 1307 1368 1487 1415; x_wconf 86' lang='lat' dir='ltr'>quadrata</span> <span class='ocrx_word' id='word_1_215' title='bbox 1523 1374 1716 1415; x_wconf 79' lang='lat' dir='ltr'>tegmento</span> <span class='ocrx_word' id='word_1_216' title='bbox 1746 1368 1997 1415; x_wconf 50' lang='lat' dir='ltr'>cartilaginea),</span> 
     </span>
     <span class='ocr_line' id='line_1_22' title="bbox 96 1431 1997 1479; baseline 0 -13"><span class='ocrx_word' id='word_1_217' title='bbox 96 1433 133 1467; x_wconf 91' lang='lat' dir='ltr'>in</span> <span class='ocrx_word' id='word_1_218' title='bbox 162 1445 235 1479; x_wconf 90' lang='lat' dir='ltr'>quo</span> <span class='ocrx_word' id='word_1_219' title='bbox 274 1432 405 1466; x_wconf 85' lang='lat' dir='ltr'>dentes</span> <span class='ocrx_word' id='word_1_220' title='bbox 437 1432 544 1478; x_wconf 89' lang='lat' dir='ltr'>primi</span> <span class='ocrx_word' id='word_1_221' title='bbox 582 1431 722 1466; x_wconf 88' lang='lat' dir='ltr'>ordinis</span> <span class='ocrx_word' id='word_1_222' title='bbox 760 1432 871 1478; x_wconf 90' lang='lat' dir='ltr'>positi</span> <span class='ocrx_word' id='word_1_223' title='bbox 908 1437 1003 1475; x_wconf 85' lang='lat' dir='ltr'>sunt,</span> <span class='ocrx_word' id='word_1_224' title='bbox 1044 1431 1261 1478; x_wconf 81' lang='lat' dir='ltr'>respondet,</span> <span class='ocrx_word' id='word_1_225' title='bbox 1298 1431 1462 1477; x_wconf 87' lang='lat' dir='ltr'>itemque</span> <span class='ocrx_word' id='word_1_226' title='bbox 1491 1431 1670 1477; x_wconf 72' lang='lat' dir='ltr'>cartilago</span> <span class='ocrx_word' id='word_1_227' title='bbox 1700 1431 1884 1478; x_wconf 73' lang='lat' dir='ltr'>triangula</span> <span class='ocrx_word' id='word_1_228' title='bbox 1910 1432 1997 1479; x_wconf 75' lang='lat' dir='ltr'>liga-</span> 
     </span>
     <span class='ocr_line' id='line_1_23' title="bbox 96 1494 1997 1543; baseline 0 -13"><span class='ocrx_word' id='word_1_229' title='bbox 96 1502 224 1531; x_wconf 87' lang='lat' dir='ltr'>mento</span> <span class='ocrx_word' id='word_1_230' title='bbox 254 1495 389 1542; x_wconf 84' lang='lat' dir='ltr'>spirali.</span> <span class='ocrx_word' id='word_1_231' title='bbox 443 1494 685 1530; x_wconf 86' lang='lat' dir='ltr'>Membranae</span> <span class='ocrx_word' id='word_1_232' title='bbox 711 1495 872 1539; x_wconf 77' lang='lat' dir='ltr'>basilari,</span> <span class='ocrx_word' id='word_1_233' title='bbox 903 1495 991 1541; x_wconf 86' lang='lat' dir='ltr'>quid</span> <span class='ocrx_word' id='word_1_234' title='bbox 1020 1495 1258 1541; x_wconf 83' lang='lat' dir='ltr'>respondeat,</span> <span class='ocrx_word' id='word_1_235' title='bbox 1288 1495 1394 1529; x_wconf 86' lang='lat' dir='ltr'>facile</span> <span class='ocrx_word' id='word_1_236' title='bbox 1424 1495 1664 1542; x_wconf 75' lang='lat' dir='ltr'>intelligetur.</span> <span class='ocrx_word' id='word_1_237' title='bbox 1694 1494 1880 1530; x_wconf 84' lang='lat' dir='ltr'>difficilius</span> <span class='ocrx_word' id='word_1_238' title='bbox 1911 1496 1997 1543; x_wconf 86' lang='lat' dir='ltr'>quid</span> 
     </span>
     <span class='ocr_line' id='line_1_24' title="bbox 95 1558 1997 1607; baseline -0.001 -13"><span class='ocrx_word' id='word_1_239' title='bbox 95 1565 288 1607; x_wconf 80' lang='lat' dir='ltr'>tegmento</span> <span class='ocrx_word' id='word_1_240' title='bbox 317 1559 566 1594; x_wconf 86' lang='lat' dir='ltr'>vasculorum.</span> <span class='ocrx_word' id='word_1_241' title='bbox 613 1558 727 1606; x_wconf 86' lang='lat' dir='ltr'>Cujus</span> <span class='ocrx_word' id='word_1_242' title='bbox 757 1565 981 1594; x_wconf 84' lang='lat' dir='ltr'>structuram</span> <span class='ocrx_word' id='word_1_243' title='bbox 1020 1559 1280 1606; x_wconf 78' lang='lat' dir='ltr'>histologicam</span> <span class='ocrx_word' id='word_1_244' title='bbox 1311 1565 1346 1594; x_wconf 89' lang='lat' dir='ltr'>et</span> <span class='ocrx_word' id='word_1_245' title='bbox 1374 1559 1618 1594; x_wconf 86' lang='lat' dir='ltr'>insertionem</span> <span class='ocrx_word' id='word_1_246' title='bbox 1648 1566 1857 1605; x_wconf 79' lang='lat' dir='ltr'>spectantes</span> <span class='ocrx_word' id='word_1_247' title='bbox 1887 1560 1997 1594; x_wconf 80' lang='lat' dir='ltr'>striae</span> 
     </span>
     <span class='ocr_line' id='line_1_25' title="bbox 95 1622 1996 1670; baseline -0.001 -11"><span class='ocrx_word' id='word_1_248' title='bbox 95 1624 281 1659; x_wconf 86' lang='lat' dir='ltr'>vasculari</span> <span class='ocrx_word' id='word_1_249' title='bbox 310 1629 346 1657; x_wconf 87' lang='lat' dir='ltr'>et</span> <span class='ocrx_word' id='word_1_250' title='bbox 373 1623 614 1658; x_wconf 84' lang='lat' dir='ltr'>membranae</span> <span class='ocrx_word' id='word_1_251' title='bbox 644 1622 833 1658; x_wconf 83' lang='lat' dir='ltr'>Reissneri</span> <span class='ocrx_word' id='word_1_252' title='bbox 880 1623 1105 1658; x_wconf 82' lang='lat' dir='ltr'>simillimam</span> <span class='ocrx_word' id='word_1_253' title='bbox 1147 1623 1340 1665; x_wconf 83' lang='lat' dir='ltr'>habemus,</span> <span class='ocrx_word' id='word_1_254' title='bbox 1383 1636 1478 1670; x_wconf 87' lang='lat' dir='ltr'>quae</span> <span class='ocrx_word' id='word_1_255' title='bbox 1520 1623 1620 1670; x_wconf 87' lang='lat' dir='ltr'>apud</span> <span class='ocrx_word' id='word_1_256' title='bbox 1660 1636 1749 1659; x_wconf 82' lang='lat' dir='ltr'>aves</span> <span class='ocrx_word' id='word_1_257' title='bbox 1791 1624 1839 1657; x_wconf 85' lang='lat' dir='ltr'>ita</span> <span class='ocrx_word' id='word_1_258' title='bbox 1882 1623 1996 1658; x_wconf 81' lang='lat' dir='ltr'>dividi</span> 
     </span>
     <span class='ocr_line' id='line_1_26' title="bbox 96 1686 1995 1734; baseline 0 -12"><span class='ocrx_word' id='word_1_259' title='bbox 96 1693 297 1734; x_wconf 86' lang='lat' dir='ltr'>nequeunt,</span> <span class='ocrx_word' id='word_1_260' title='bbox 343 1693 382 1721; x_wconf 92' lang='lat' dir='ltr'>ut</span> <span class='ocrx_word' id='word_1_261' title='bbox 428 1686 617 1721; x_wconf 83' lang='lat' dir='ltr'>interdum</span> <span class='ocrx_word' id='word_1_262' title='bbox 664 1687 754 1722; x_wconf 87' lang='lat' dir='ltr'>stria</span> <span class='ocrx_word' id='word_1_263' title='bbox 795 1687 1000 1722; x_wconf 87' lang='lat' dir='ltr'>vascularis</span> <span class='ocrx_word' id='word_1_264' title='bbox 1041 1687 1077 1721; x_wconf 92' lang='lat' dir='ltr'>in</span> <span class='ocrx_word' id='word_1_265' title='bbox 1122 1687 1245 1721; x_wconf 87' lang='lat' dir='ltr'>locum</span> <span class='ocrx_word' id='word_1_266' title='bbox 1292 1688 1535 1722; x_wconf 83' lang='lat' dir='ltr'>membranae</span> <span class='ocrx_word' id='word_1_267' title='bbox 1578 1687 1767 1722; x_wconf 83' lang='lat' dir='ltr'>Reissneri</span> <span class='ocrx_word' id='word_1_268' title='bbox 1813 1687 1995 1722; x_wconf 80' lang='lat' dir='ltr'>succedat.</span> 
     </span>
     <span class='ocr_line' id='line_1_27' title="bbox 95 1750 1995 1799; baseline 0.001 -14"><span class='ocrx_word' id='word_1_269' title='bbox 95 1750 251 1785; x_wconf 82' lang='lat' dir='ltr'>Lamina</span> <span class='ocrx_word' id='word_1_270' title='bbox 292 1751 497 1785; x_wconf 84' lang='lat' dir='ltr'>fenestrata</span> <span class='ocrx_word' id='word_1_271' title='bbox 537 1751 744 1798; x_wconf 90' lang='lat' dir='ltr'>comparari</span> <span class='ocrx_word' id='word_1_272' title='bbox 786 1757 910 1798; x_wconf 87' lang='lat' dir='ltr'>potest</span> <span class='ocrx_word' id='word_1_273' title='bbox 946 1763 1029 1785; x_wconf 78' lang='lat' dir='ltr'>Cum</span> <span class='ocrx_word' id='word_1_274' title='bbox 1066 1751 1288 1785; x_wconf 87' lang='lat' dir='ltr'>membrana</span> <span class='ocrx_word' id='word_1_275' title='bbox 1324 1751 1445 1795; x_wconf 80' lang='lat' dir='ltr'>Corti3</span> <span class='ocrx_word' id='word_1_276' title='bbox 1486 1752 1653 1799; x_wconf 79' lang='lat' dir='ltr'>singulae</span> <span class='ocrx_word' id='word_1_277' title='bbox 1691 1758 1813 1786; x_wconf 86' lang='lat' dir='ltr'>autem</span> <span class='ocrx_word' id='word_1_278' title='bbox 1843 1752 1995 1798; x_wconf 70' lang='lat' dir='ltr'>lagenae</span> 
     </span>
     <span class='ocr_line' id='line_1_28' title="bbox 96 1813 1995 1862; baseline 0.001 -14"><span class='ocrx_word' id='word_1_279' title='bbox 96 1821 232 1861; x_wconf 83' lang='lat' dir='ltr'>partes,</span> <span class='ocrx_word' id='word_1_280' title='bbox 274 1826 368 1860; x_wconf 89' lang='lat' dir='ltr'>quae</span> <span class='ocrx_word' id='word_1_281' title='bbox 405 1820 483 1849; x_wconf 86' lang='lat' dir='ltr'>tota</span> <span class='ocrx_word' id='word_1_282' title='bbox 517 1813 669 1848; x_wconf 85' lang='lat' dir='ltr'>hamulo</span> <span class='ocrx_word' id='word_1_283' title='bbox 699 1814 951 1861; x_wconf 87' lang='lat' dir='ltr'>comparanda</span> <span class='ocrx_word' id='word_1_284' title='bbox 979 1820 1045 1858; x_wconf 82' lang='lat' dir='ltr'>est,</span> <span class='ocrx_word' id='word_1_285' title='bbox 1075 1814 1209 1861; x_wconf 89' lang='lat' dir='ltr'>quibus</span> <span class='ocrx_word' id='word_1_286' title='bbox 1238 1815 1503 1862; x_wconf 86' lang='lat' dir='ltr'>respondeant,</span> <span class='ocrx_word' id='word_1_287' title='bbox 1532 1816 1671 1851; x_wconf 88' lang='lat' dir='ltr'>nescio.</span> <span class='ocrx_word' id='word_1_288' title='bbox 1725 1815 1877 1850; x_wconf 76' lang='lat' dir='ltr'>Maximi</span> <span class='ocrx_word' id='word_1_289' title='bbox 1906 1828 1995 1850; x_wconf 67' lang='lat' dir='ltr'>vero</span> 
     </span>
     <span class='ocr_line' id='line_1_29' title="bbox 97 1877 1994 1926; baseline 0.001 -14"><span class='ocrx_word' id='word_1_290' title='bbox 97 1877 205 1921; x_wconf 87' lang='lat' dir='ltr'>nobis</span> <span class='ocrx_word' id='word_1_291' title='bbox 235 1878 416 1912; x_wconf 72' lang='lat' dir='ltr'>momenti</span> <span class='ocrx_word' id='word_1_292' title='bbox 447 1884 513 1921; x_wconf 88' lang='lat' dir='ltr'>est,</span> <span class='ocrx_word' id='word_1_293' title='bbox 555 1878 655 1925; x_wconf 89' lang='lat' dir='ltr'>quod</span> <span class='ocrx_word' id='word_1_294' title='bbox 683 1878 720 1912; x_wconf 92' lang='lat' dir='ltr'>in</span> <span class='ocrx_word' id='word_1_295' title='bbox 750 1878 904 1913; x_wconf 84' lang='lat' dir='ltr'>cochlea</span> <span class='ocrx_word' id='word_1_296' title='bbox 932 1879 1056 1913; x_wconf 88' lang='lat' dir='ltr'>avium</span> <span class='ocrx_word' id='word_1_297' title='bbox 1086 1891 1162 1912; x_wconf 92' lang='lat' dir='ltr'>non</span> <span class='ocrx_word' id='word_1_298' title='bbox 1195 1879 1394 1921; x_wconf 79' lang='lat' dir='ltr'>invenitur,</span> <span class='ocrx_word' id='word_1_299' title='bbox 1425 1891 1594 1926; x_wconf 82' lang='lat' dir='ltr'>organon</span> <span class='ocrx_word' id='word_1_300' title='bbox 1625 1879 1738 1915; x_wconf 87' lang='lat' dir='ltr'>Corti.</span> <span class='ocrx_word' id='word_1_301' title='bbox 1791 1879 1876 1913; x_wconf 74' lang='lat' dir='ltr'>-lam</span> <span class='ocrx_word' id='word_1_302' title='bbox 1906 1892 1994 1913; x_wconf 81' lang='lat' dir='ltr'>vero</span> 
     </span>
     <span class='ocr_line' id='line_1_30' title="bbox 96 1941 1993 1990; baseline 0.001 -14"><span class='ocrx_word' id='word_1_303' title='bbox 96 1941 272 1976; x_wconf 89' lang='lat' dir='ltr'>minimae</span> <span class='ocrx_word' id='word_1_304' title='bbox 313 1954 481 1988; x_wconf 89' lang='lat' dir='ltr'>quaeque</span> <span class='ocrx_word' id='word_1_305' title='bbox 523 1941 761 1976; x_wconf 87' lang='lat' dir='ltr'>cochlearum</span> <span class='ocrx_word' id='word_1_306' title='bbox 802 1947 927 1989; x_wconf 88' lang='lat' dir='ltr'>partes</span> <span class='ocrx_word' id='word_1_307' title='bbox 965 1943 1062 1976; x_wconf 89' lang='lat' dir='ltr'>inter</span> <span class='ocrx_word' id='word_1_308' title='bbox 1089 1954 1127 1976; x_wconf 92' lang='lat' dir='ltr'>se</span> <span class='ocrx_word' id='word_1_309' title='bbox 1160 1943 1368 1989; x_wconf 84' lang='lat' dir='ltr'>comparari</span> <span class='ocrx_word' id='word_1_310' title='bbox 1405 1949 1571 1990; x_wconf 88' lang='lat' dir='ltr'>possunt.</span> <span class='ocrx_word' id='word_1_311' title='bbox 1628 1943 1667 1977; x_wconf 92' lang='lat' dir='ltr'>In</span> <span class='ocrx_word' id='word_1_312' title='bbox 1697 1944 1819 1978; x_wconf 87' lang='lat' dir='ltr'>avium</span> <span class='ocrx_word' id='word_1_313' title='bbox 1850 1956 1993 1990; x_wconf 75' lang='lat' dir='ltr'>quoque</span> 
     </span>
     <span class='ocr_line' id='line_1_31' title="bbox 97 2004 1994 2053; baseline 0.001 -14"><span class='ocrx_word' id='word_1_314' title='bbox 97 2005 251 2040; x_wconf 82' lang='lat' dir='ltr'>cochlea</span> <span class='ocrx_word' id='word_1_315' title='bbox 286 2005 499 2040; x_wconf 88' lang='lat' dir='ltr'>invenimus</span> <span class='ocrx_word' id='word_1_316' title='bbox 536 2004 668 2040; x_wconf 88' lang='lat' dir='ltr'>dentes</span> <span class='ocrx_word' id='word_1_317' title='bbox 705 2005 912 2053; x_wconf 81' lang='lat' dir='ltr'>cartilagini</span> <span class='ocrx_word' id='word_1_318' title='bbox 946 2006 1119 2049; x_wconf 88' lang='lat' dir='ltr'>insertos,</span> <span class='ocrx_word' id='word_1_319' title='bbox 1162 2005 1208 2040; x_wconf 88' lang='lat' dir='ltr'>de</span> <span class='ocrx_word' id='word_1_320' title='bbox 1237 2005 1371 2052; x_wconf 89' lang='lat' dir='ltr'>quibus</span> <span class='ocrx_word' id='word_1_321' title='bbox 1399 2006 1620 2041; x_wconf 85' lang='lat' dir='ltr'>membrana</span> <span class='ocrx_word' id='word_1_322' title='bbox 1649 2007 1750 2042; x_wconf 78' lang='lat' dir='ltr'>Coi-ti</span> <span class='ocrx_word' id='word_1_323' title='bbox 1780 2008 1994 2049; x_wconf 80' lang='lat' dir='ltr'>secernitur,</span> 
     </span>
     <span class='ocr_line' id='line_1_32' title="bbox 96 2068 1992 2118; baseline 0.001 -15"><span class='ocrx_word' id='word_1_324' title='bbox 96 2068 231 2104; x_wconf 90' lang='lat' dir='ltr'>deinde</span> <span class='ocrx_word' id='word_1_325' title='bbox 274 2069 417 2103; x_wconf 90' lang='lat' dir='ltr'>sulcum</span> <span class='ocrx_word' id='word_1_326' title='bbox 459 2069 634 2116; x_wconf 89' lang='lat' dir='ltr'>spiralem</span> <span class='ocrx_word' id='word_1_327' title='bbox 668 2076 705 2104; x_wconf 90' lang='lat' dir='ltr'>et</span> <span class='ocrx_word' id='word_1_328' title='bbox 739 2069 891 2104; x_wconf 88' lang='lat' dir='ltr'>cellulas</span> <span class='ocrx_word' id='word_1_329' title='bbox 929 2069 1071 2104; x_wconf 90' lang='lat' dir='ltr'>cellulis</span> <span class='ocrx_word' id='word_1_330' title='bbox 1108 2068 1251 2104; x_wconf 86' lang='lat' dir='ltr'>Claudii</span> <span class='ocrx_word' id='word_1_331' title='bbox 1293 2070 1511 2113; x_wconf 87' lang='lat' dir='ltr'>simillimas,</span> <span class='ocrx_word' id='word_1_332' title='bbox 1554 2084 1647 2118; x_wconf 82' lang='lat' dir='ltr'>quae</span> <span class='ocrx_word' id='word_1_333' title='bbox 1685 2084 1767 2106; x_wconf 89' lang='lat' dir='ltr'>cum</span> <span class='ocrx_word' id='word_1_334' title='bbox 1808 2071 1992 2113; x_wconf 77' lang='lat' dir='ltr'>dentibus,</span> 
     </span>
     <span class='ocr_line' id='line_1_33' title="bbox 96 2132 1994 2182; baseline 0.001 -15"><span class='ocrx_word' id='word_1_335' title='bbox 96 2133 229 2179; x_wconf 90' lang='lat' dir='ltr'>quibus</span> <span class='ocrx_word' id='word_1_336' title='bbox 257 2132 474 2168; x_wconf 89' lang='lat' dir='ltr'>humiliores</span> <span class='ocrx_word' id='word_1_337' title='bbox 503 2139 600 2177; x_wconf 90' lang='lat' dir='ltr'>sunt,</span> <span class='ocrx_word' id='word_1_338' title='bbox 629 2134 851 2180; x_wconf 84' lang='lat' dir='ltr'>conjunctae</span> <span class='ocrx_word' id='word_1_339' title='bbox 880 2133 1072 2173; x_wconf 86' lang='lat' dir='ltr'>videntur;</span> <span class='ocrx_word' id='word_1_340' title='bbox 1108 2133 1168 2167; x_wconf 85' lang='lat' dir='ltr'>hic</span> <span class='ocrx_word' id='word_1_341' title='bbox 1197 2146 1343 2181; x_wconf 88' lang='lat' dir='ltr'>quoque</span> <span class='ocrx_word' id='word_1_342' title='bbox 1373 2133 1479 2169; x_wconf 82' lang='lat' dir='ltr'>adest</span> <span class='ocrx_word' id='word_1_343' title='bbox 1508 2135 1641 2182; x_wconf 85' lang='lat' dir='ltr'>papilla</span> <span class='ocrx_word' id='word_1_344' title='bbox 1673 2135 1829 2182; x_wconf 78' lang='lat' dir='ltr'>spiralis,</span> <span class='ocrx_word' id='word_1_345' title='bbox 1865 2147 1994 2169; x_wconf 80' lang='lat' dir='ltr'>carens</span> 
     </span>
     <span class='ocr_line' id='line_1_34' title="bbox 96 2196 1992 2244; baseline 0.001 -14"><span class='ocrx_word' id='word_1_346' title='bbox 96 2196 245 2243; x_wconf 89' lang='lat' dir='ltr'>quidem</span> <span class='ocrx_word' id='word_1_347' title='bbox 274 2209 416 2243; x_wconf 79' lang='lat' dir='ltr'>organo</span> <span class='ocrx_word' id='word_1_348' title='bbox 446 2196 560 2241; x_wconf 87' lang='lat' dir='ltr'>Corti,</span> <span class='ocrx_word' id='word_1_349' title='bbox 590 2198 658 2233; x_wconf 88' lang='lat' dir='ltr'>sub</span> <span class='ocrx_word' id='word_1_350' title='bbox 688 2210 760 2244; x_wconf 87' lang='lat' dir='ltr'>qua</span> <span class='ocrx_word' id='word_1_351' title='bbox 787 2210 925 2244; x_wconf 87' lang='lat' dir='ltr'>parvae</span> <span class='ocrx_word' id='word_1_352' title='bbox 955 2197 1109 2233; x_wconf 87' lang='lat' dir='ltr'>cellulae</span> <span class='ocrx_word' id='word_1_353' title='bbox 1133 2198 1375 2233; x_wconf 88' lang='lat' dir='ltr'>inveniuntur</span> <span class='ocrx_word' id='word_1_354' title='bbox 1395 2198 1580 2233; x_wconf 87' lang='lat' dir='ltr'>rotundae</span> <span class='ocrx_word' id='word_1_355' title='bbox 1610 2211 1748 2239; x_wconf 86' lang='lat' dir='ltr'>earum,</span> <span class='ocrx_word' id='word_1_356' title='bbox 1778 2206 1815 2233; x_wconf 88' lang='lat' dir='ltr'>ut</span> <span class='ocrx_word' id='word_1_357' title='bbox 1836 2197 1992 2236; x_wconf 77' lang='lat' dir='ltr'>videtur,</span> 
     </span>
     <span class='ocr_line' id='line_1_35' title="bbox 45 2260 1992 2309; baseline -0.001 -12"><span class='ocrx_word' id='word_1_358' title='bbox 45 2295 50 2297; x_wconf 88' lang='lat'>.</span> <span class='ocrx_word' id='word_1_359' title='bbox 94 2260 285 2306; x_wconf 83' lang='lat' dir='ltr'>reliquiae,</span> <span class='ocrx_word' id='word_1_360' title='bbox 323 2261 457 2307; x_wconf 90' lang='lat' dir='ltr'>quibus</span> <span class='ocrx_word' id='word_1_361' title='bbox 486 2260 583 2308; x_wconf 89' lang='lat' dir='ltr'>apud</span> <span class='ocrx_word' id='word_1_362' title='bbox 611 2261 826 2296; x_wconf 87' lang='lat' dir='ltr'>mammalia</span> <span class='ocrx_word' id='word_1_363' title='bbox 849 2267 997 2308; x_wconf 88' lang='lat' dir='ltr'>praeter</span> <span class='ocrx_word' id='word_1_364' title='bbox 1021 2261 1174 2296; x_wconf 87' lang='lat' dir='ltr'>cellulas</span> <span class='ocrx_word' id='word_1_365' title='bbox 1203 2261 1414 2297; x_wconf 86' lang='lat' dir='ltr'>bacillarias</span> <span class='ocrx_word' id='word_1_366' title='bbox 1442 2262 1580 2309; x_wconf 89' lang='lat' dir='ltr'>papilla</span> <span class='ocrx_word' id='word_1_367' title='bbox 1608 2262 1862 2299; x_wconf 81' lang='lat' dir='ltr'>constituitur:</span> <span class='ocrx_word' id='word_1_368' title='bbox 1904 2262 1992 2296; x_wconf 86' lang='lat' dir='ltr'>item</span> 
     </span>
     <span class='ocr_line' id='line_1_36' title="bbox 94 2323 1992 2373; baseline 0.002 -16"><span class='ocrx_word' id='word_1_369' title='bbox 94 2324 314 2358; x_wconf 87' lang='lat' dir='ltr'>membrana</span> <span class='ocrx_word' id='word_1_370' title='bbox 341 2323 443 2359; x_wconf 89' lang='lat' dir='ltr'>Corti</span> <span class='ocrx_word' id='word_1_371' title='bbox 471 2324 508 2359; x_wconf 90' lang='lat' dir='ltr'>in</span> <span class='ocrx_word' id='word_1_372' title='bbox 537 2325 681 2359; x_wconf 85' lang='lat' dir='ltr'>sulcum</span> <span class='ocrx_word' id='word_1_373' title='bbox 710 2325 884 2372; x_wconf 87' lang='lat' dir='ltr'>spiralem</span> <span class='ocrx_word' id='word_1_374' title='bbox 914 2331 1118 2360; x_wconf 86' lang='lat' dir='ltr'>excavatur</span> <span class='ocrx_word' id='word_1_375' title='bbox 1148 2332 1183 2360; x_wconf 87' lang='lat' dir='ltr'>et</span> <span class='ocrx_word' id='word_1_376' title='bbox 1204 2326 1356 2361; x_wconf 87' lang='lat' dir='ltr'>vascula</span> <span class='ocrx_word' id='word_1_377' title='bbox 1384 2327 1422 2361; x_wconf 90' lang='lat' dir='ltr'>in</span> <span class='ocrx_word' id='word_1_378' title='bbox 1450 2332 1606 2372; x_wconf 88' lang='lat' dir='ltr'>utraque</span> <span class='ocrx_word' id='word_1_379' title='bbox 1635 2326 1850 2373; x_wconf 69' lang='lat' dir='ltr'>cartilagine</span> <span class='ocrx_word' id='word_1_380' title='bbox 1880 2326 1992 2360; x_wconf 86' lang='lat' dir='ltr'>inclu-</span> 
     </span>
     <span class='ocr_line' id='line_1_37' title="bbox 95 2386 1991 2437; baseline 0.001 -16"><span class='ocrx_word' id='word_1_381' title='bbox 95 2386 244 2422; x_wconf 79' lang='lat' dir='ltr'>duntur.</span> <span class='ocrx_word' id='word_1_382' title='bbox 298 2387 516 2423; x_wconf 88' lang='lat' dir='ltr'>Membrana</span> <span class='ocrx_word' id='word_1_383' title='bbox 543 2389 724 2432; x_wconf 89' lang='lat' dir='ltr'>basilaris‚</span> <span class='ocrx_word' id='word_1_384' title='bbox 755 2401 838 2424; x_wconf 88' lang='lat' dir='ltr'>cum</span> <span class='ocrx_word' id='word_1_385' title='bbox 868 2389 1083 2436; x_wconf 78' lang='lat' dir='ltr'>cartilagine</span> <span class='ocrx_word' id='word_1_386' title='bbox 1111 2390 1299 2437; x_wconf 78' lang='lat' dir='ltr'>triangula</span> <span class='ocrx_word' id='word_1_387' title='bbox 1326 2390 1575 2437; x_wconf 83' lang='lat' dir='ltr'>conjungitur,</span> <span class='ocrx_word' id='word_1_388' title='bbox 1604 2402 1737 2424; x_wconf 82' lang='lat' dir='ltr'>zonam</span> <span class='ocrx_word' id='word_1_389' title='bbox 1766 2390 1991 2436; x_wconf 85' lang='lat' dir='ltr'>pectinatam</span> 
     </span>
     <span class='ocr_line' id='line_1_38' title="bbox 96 2450 1990 2500; baseline 0.002 -16"><span class='ocrx_word' id='word_1_390' title='bbox 96 2450 272 2496; x_wconf 88' lang='lat' dir='ltr'>epithelio</span> <span class='ocrx_word' id='word_1_391' title='bbox 303 2451 511 2498; x_wconf 70' lang='lat' dir='ltr'>cylindrato</span> <span class='ocrx_word' id='word_1_392' title='bbox 541 2452 749 2500; x_wconf 88' lang='lat' dir='ltr'>praeditam</span> <span class='ocrx_word' id='word_1_393' title='bbox 779 2452 952 2488; x_wconf 87' lang='lat' dir='ltr'>ostendit.</span> <span class='ocrx_word' id='word_1_394' title='bbox 1007 2451 1166 2488; x_wconf 86' lang='lat' dir='ltr'>Demum</span> <span class='ocrx_word' id='word_1_395' title='bbox 1197 2454 1304 2489; x_wconf 90' lang='lat' dir='ltr'>initio</span> <span class='ocrx_word' id='word_1_396' title='bbox 1334 2454 1510 2489; x_wconf 89' lang='lat' dir='ltr'>cochleae</span> <span class='ocrx_word' id='word_1_397' title='bbox 1540 2460 1682 2500; x_wconf 84' lang='lat' dir='ltr'>partem</span> <span class='ocrx_word' id='word_1_398' title='bbox 1714 2466 1798 2488; x_wconf 89' lang='lat' dir='ltr'>cum</span> <span class='ocrx_word' id='word_1_399' title='bbox 1828 2453 1990 2499; x_wconf 82' lang='lat' dir='ltr'>ampulla</span> 
     </span>
     <span class='ocr_line' id='line_1_39' title="bbox 95 2514 1991 2565; baseline 0.002 -18"><span class='ocrx_word' id='word_1_400' title='bbox 95 2514 344 2560; x_wconf 85' lang='lat' dir='ltr'>conjunctam,</span> <span class='ocrx_word' id='word_1_401' title='bbox 373 2516 492 2550; x_wconf 89' lang='lat' dir='ltr'>canali</span> <span class='ocrx_word' id='word_1_402' title='bbox 517 2517 702 2551; x_wconf 88' lang='lat' dir='ltr'>reunienti</span> <span class='ocrx_word' id='word_1_403' title='bbox 731 2517 1021 2564; x_wconf 85' lang='lat' dir='ltr'>respondentem</span> <span class='ocrx_word' id='word_1_404' title='bbox 1042 2517 1223 2553; x_wconf 85' lang='lat' dir='ltr'>videmus.</span> <span class='ocrx_word' id='word_1_405' title='bbox 1263 2517 1305 2553; x_wconf 92' lang='lat' dir='ltr'>In</span> <span class='ocrx_word' id='word_1_406' title='bbox 1326 2519 1477 2565; x_wconf 85' lang='lat' dir='ltr'>propria</span> <span class='ocrx_word' id='word_1_407' title='bbox 1505 2519 1617 2564; x_wconf 70' lang='lat' dir='ltr'>igitur</span> <span class='ocrx_word' id='word_1_408' title='bbox 1646 2517 1799 2551; x_wconf 86' lang='lat' dir='ltr'>cochlea</span> <span class='ocrx_word' id='word_1_409' title='bbox 1828 2517 1991 2561; x_wconf 55' lang='lat' dir='ltr'>singulas</span> 
     </span>
     <span class='ocr_line' id='line_1_40' title="bbox 94 2579 1990 2628; baseline 0.002 -17"><span class='ocrx_word' id='word_1_410' title='bbox 94 2586 219 2624; x_wconf 89' lang='lat' dir='ltr'>partes</span> <span class='ocrx_word' id='word_1_411' title='bbox 249 2590 329 2612; x_wconf 86' lang='lat' dir='ltr'>cum</span> <span class='ocrx_word' id='word_1_412' title='bbox 361 2579 514 2627; x_wconf 81' lang='lat' dir='ltr'>singulis</span> <span class='ocrx_word' id='word_1_413' title='bbox 543 2580 797 2615; x_wconf 89' lang='lat' dir='ltr'>mammalium</span> <span class='ocrx_word' id='word_1_414' title='bbox 835 2581 1011 2616; x_wconf 86' lang='lat' dir='ltr'>cochleae</span> <span class='ocrx_word' id='word_1_415' title='bbox 1046 2582 1256 2628; x_wconf 85' lang='lat' dir='ltr'>comparari</span> <span class='ocrx_word' id='word_1_416' title='bbox 1285 2594 1397 2628; x_wconf 86' lang='lat' dir='ltr'>posse</span> <span class='ocrx_word' id='word_1_417' title='bbox 1428 2588 1593 2628; x_wconf 84' lang='lat' dir='ltr'>apparet.</span> <span class='ocrx_word' id='word_1_418' title='bbox 1647 2580 1818 2628; x_wconf 81' lang='lat' dir='ltr'>Lagenae</span> <span class='ocrx_word' id='word_1_419' title='bbox 1849 2580 1990 2622; x_wconf 72' lang='lat' dir='ltr'>dentes,</span> 
     </span>
    </p>
   </div>
  </div>
 </body>
</html>
